%YAML 1.1
%TAG !u! tag:unity3d.com,2011:
--- !u!1 &6529739693504580431
GameObject:
  m_ObjectHideFlags: 0
  m_CorrespondingSourceObject: {fileID: 0}
  m_PrefabInstance: {fileID: 0}
  m_PrefabAsset: {fileID: 0}
  serializedVersion: 6
  m_Component:
  - component: {fileID: 6529739693504580429}
  - component: {fileID: 6529739693504580430}
  m_Layer: 0
  m_Name: Tiled_Wall_Door
  m_TagString: Untagged
  m_Icon: {fileID: 0}
  m_NavMeshLayer: 0
  m_StaticEditorFlags: 0
  m_IsActive: 1
--- !u!4 &6529739693504580429
Transform:
  m_ObjectHideFlags: 0
  m_CorrespondingSourceObject: {fileID: 0}
  m_PrefabInstance: {fileID: 0}
  m_PrefabAsset: {fileID: 0}
  m_GameObject: {fileID: 6529739693504580431}
  m_LocalRotation: {x: 0, y: 0, z: 0, w: 1}
  m_LocalPosition: {x: 0, y: 0, z: 0}
  m_LocalScale: {x: 1, y: 1, z: 1}
  m_Children:
  - {fileID: 6529739694570267520}
  m_Father: {fileID: 0}
  m_RootOrder: 0
  m_LocalEulerAnglesHint: {x: 0, y: 0, z: 0}
--- !u!114 &6529739693504580430
MonoBehaviour:
  m_ObjectHideFlags: 0
  m_CorrespondingSourceObject: {fileID: 0}
  m_PrefabInstance: {fileID: 0}
  m_PrefabAsset: {fileID: 0}
  m_GameObject: {fileID: 6529739693504580431}
  m_Enabled: 1
  m_EditorHideFlags: 0
  m_Script: {fileID: 11500000, guid: a3cf5643e9d940c48824c28d366c080b, type: 3}
  m_Name: 
  m_EditorClassIdentifier: 
--- !u!1 &6529739694570267521
GameObject:
  m_ObjectHideFlags: 0
  m_CorrespondingSourceObject: {fileID: 0}
  m_PrefabInstance: {fileID: 0}
  m_PrefabAsset: {fileID: 0}
  serializedVersion: 6
  m_Component:
  - component: {fileID: 6529739694570267520}
  m_Layer: 0
  m_Name: Pivot
  m_TagString: Untagged
  m_Icon: {fileID: 0}
  m_NavMeshLayer: 0
  m_StaticEditorFlags: 0
  m_IsActive: 1
--- !u!4 &6529739694570267520
Transform:
  m_ObjectHideFlags: 0
  m_CorrespondingSourceObject: {fileID: 0}
  m_PrefabInstance: {fileID: 0}
  m_PrefabAsset: {fileID: 0}
  m_GameObject: {fileID: 6529739694570267521}
  m_LocalRotation: {x: -0, y: -0, z: -0, w: 1}
  m_LocalPosition: {x: 0, y: 0, z: 0}
  m_LocalScale: {x: 1, y: 1, z: 1}
  m_Children:
  - {fileID: 997926914972752580}
  m_Father: {fileID: 6529739693504580429}
  m_RootOrder: 0
  m_LocalEulerAnglesHint: {x: 0, y: 0, z: 0}
--- !u!1001 &6529739694222563889
PrefabInstance:
  m_ObjectHideFlags: 0
  serializedVersion: 2
  m_Modification:
    m_TransformParent: {fileID: 6529739694570267520}
    m_Modifications:
    - target: {fileID: 6289015857467605237, guid: dba86636f24b12d418b94c5cf84ce9ac, type: 3}
      propertyPath: m_RootOrder
      value: 0
      objectReference: {fileID: 0}
    - target: {fileID: 6289015857467605237, guid: dba86636f24b12d418b94c5cf84ce9ac, type: 3}
      propertyPath: m_LocalPosition.x
      value: 3
      objectReference: {fileID: 0}
    - target: {fileID: 6289015857467605237, guid: dba86636f24b12d418b94c5cf84ce9ac, type: 3}
      propertyPath: m_LocalPosition.y
      value: 0
      objectReference: {fileID: 0}
    - target: {fileID: 6289015857467605237, guid: dba86636f24b12d418b94c5cf84ce9ac, type: 3}
      propertyPath: m_LocalPosition.z
      value: 1
      objectReference: {fileID: 0}
    - target: {fileID: 6289015857467605237, guid: dba86636f24b12d418b94c5cf84ce9ac, type: 3}
      propertyPath: m_LocalRotation.w
      value: 0.7071068
      objectReference: {fileID: 0}
    - target: {fileID: 6289015857467605237, guid: dba86636f24b12d418b94c5cf84ce9ac, type: 3}
      propertyPath: m_LocalRotation.x
      value: -0.7071068
      objectReference: {fileID: 0}
    - target: {fileID: 6289015857467605237, guid: dba86636f24b12d418b94c5cf84ce9ac, type: 3}
      propertyPath: m_LocalRotation.y
      value: -0
      objectReference: {fileID: 0}
    - target: {fileID: 6289015857467605237, guid: dba86636f24b12d418b94c5cf84ce9ac, type: 3}
      propertyPath: m_LocalRotation.z
      value: -0
      objectReference: {fileID: 0}
    - target: {fileID: 6289015857467605237, guid: dba86636f24b12d418b94c5cf84ce9ac, type: 3}
      propertyPath: m_LocalEulerAnglesHint.x
      value: 0
      objectReference: {fileID: 0}
    - target: {fileID: 6289015857467605237, guid: dba86636f24b12d418b94c5cf84ce9ac, type: 3}
      propertyPath: m_LocalEulerAnglesHint.y
      value: 0
      objectReference: {fileID: 0}
    - target: {fileID: 6289015857467605237, guid: dba86636f24b12d418b94c5cf84ce9ac, type: 3}
      propertyPath: m_LocalEulerAnglesHint.z
      value: 0
      objectReference: {fileID: 0}
    - target: {fileID: 6632889890836552271, guid: dba86636f24b12d418b94c5cf84ce9ac, type: 3}
      propertyPath: m_Name
      value: Door
      objectReference: {fileID: 0}
    - target: {fileID: 6632889890836552271, guid: dba86636f24b12d418b94c5cf84ce9ac, type: 3}
      propertyPath: m_IsActive
      value: 1
      objectReference: {fileID: 0}
    m_RemovedComponents: []
  m_SourcePrefab: {fileID: 100100000, guid: dba86636f24b12d418b94c5cf84ce9ac, type: 3}
--- !u!4 &997926914972752580 stripped
Transform:
  m_CorrespondingSourceObject: {fileID: 6289015857467605237, guid: dba86636f24b12d418b94c5cf84ce9ac, type: 3}
  m_PrefabInstance: {fileID: 6529739694222563889}
  m_PrefabAsset: {fileID: 0}
