%YAML 1.1
%TAG !u! tag:unity3d.com,2011:
--- !u!1 &1689811645198256075
GameObject:
  m_ObjectHideFlags: 0
  m_CorrespondingSourceObject: {fileID: 0}
  m_PrefabInstance: {fileID: 0}
  m_PrefabAsset: {fileID: 0}
  serializedVersion: 6
  m_Component:
  - component: {fileID: 5954504913371771038}
  - component: {fileID: 1332229293693761760}
  m_Layer: 0
  m_Name: Tiled_Wall_Corner_Convex
  m_TagString: Untagged
  m_Icon: {fileID: 0}
  m_NavMeshLayer: 0
  m_StaticEditorFlags: 0
  m_IsActive: 1
--- !u!4 &5954504913371771038
Transform:
  m_ObjectHideFlags: 0
  m_CorrespondingSourceObject: {fileID: 0}
  m_PrefabInstance: {fileID: 0}
  m_PrefabAsset: {fileID: 0}
  m_GameObject: {fileID: 1689811645198256075}
  m_LocalRotation: {x: 0, y: 0, z: 0, w: 1}
  m_LocalPosition: {x: 0, y: 0, z: 0}
  m_LocalScale: {x: 1, y: 1, z: 1}
  m_Children:
  - {fileID: 8061585850708381690}
  m_Father: {fileID: 0}
  m_RootOrder: 0
  m_LocalEulerAnglesHint: {x: 0, y: 0, z: 0}
--- !u!114 &1332229293693761760
MonoBehaviour:
  m_ObjectHideFlags: 0
  m_CorrespondingSourceObject: {fileID: 0}
  m_PrefabInstance: {fileID: 0}
  m_PrefabAsset: {fileID: 0}
  m_GameObject: {fileID: 1689811645198256075}
  m_Enabled: 1
  m_EditorHideFlags: 0
  m_Script: {fileID: 11500000, guid: a3cf5643e9d940c48824c28d366c080b, type: 3}
  m_Name: 
  m_EditorClassIdentifier: 
--- !u!1 &3903512064909118097
GameObject:
  m_ObjectHideFlags: 0
  m_CorrespondingSourceObject: {fileID: 0}
  m_PrefabInstance: {fileID: 0}
  m_PrefabAsset: {fileID: 0}
  serializedVersion: 6
  m_Component:
  - component: {fileID: 8061585850708381690}
  m_Layer: 0
  m_Name: Pivot
  m_TagString: Untagged
  m_Icon: {fileID: 0}
  m_NavMeshLayer: 0
  m_StaticEditorFlags: 0
  m_IsActive: 1
--- !u!4 &8061585850708381690
Transform:
  m_ObjectHideFlags: 0
  m_CorrespondingSourceObject: {fileID: 0}
  m_PrefabInstance: {fileID: 0}
  m_PrefabAsset: {fileID: 0}
  m_GameObject: {fileID: 3903512064909118097}
  m_LocalRotation: {x: -0, y: -0, z: -0, w: 1}
  m_LocalPosition: {x: -0.000005722046, y: 3.0000005, z: 0}
  m_LocalScale: {x: 1, y: 1, z: 1}
  m_Children:
  - {fileID: 855608064325975397}
  m_Father: {fileID: 5954504913371771038}
  m_RootOrder: 0
  m_LocalEulerAnglesHint: {x: 0, y: 0, z: 0}
--- !u!1001 &8307001589654328126
PrefabInstance:
  m_ObjectHideFlags: 0
  serializedVersion: 2
  m_Modification:
    m_TransformParent: {fileID: 8061585850708381690}
    m_Modifications:
    - target: {fileID: 8348563486881101025, guid: c63cfa014d48a5c48b25994ddd286550, type: 3}
      propertyPath: m_Name
      value: Convex Corner
      objectReference: {fileID: 0}
    - target: {fileID: 8348563486881101025, guid: c63cfa014d48a5c48b25994ddd286550, type: 3}
      propertyPath: m_IsActive
      value: 1
      objectReference: {fileID: 0}
    - target: {fileID: 8689659122618494555, guid: c63cfa014d48a5c48b25994ddd286550, type: 3}
      propertyPath: m_RootOrder
      value: 0
      objectReference: {fileID: 0}
    - target: {fileID: 8689659122618494555, guid: c63cfa014d48a5c48b25994ddd286550, type: 3}
      propertyPath: m_LocalPosition.x
      value: 2.5000052
      objectReference: {fileID: 0}
    - target: {fileID: 8689659122618494555, guid: c63cfa014d48a5c48b25994ddd286550, type: 3}
      propertyPath: m_LocalPosition.y
      value: -1.5000001
      objectReference: {fileID: 0}
    - target: {fileID: 8689659122618494555, guid: c63cfa014d48a5c48b25994ddd286550, type: 3}
      propertyPath: m_LocalPosition.z
      value: 1.4999644
      objectReference: {fileID: 0}
    - target: {fileID: 8689659122618494555, guid: c63cfa014d48a5c48b25994ddd286550, type: 3}
      propertyPath: m_LocalRotation.w
      value: 0.0000020191073
      objectReference: {fileID: 0}
    - target: {fileID: 8689659122618494555, guid: c63cfa014d48a5c48b25994ddd286550, type: 3}
      propertyPath: m_LocalRotation.x
      value: -0.0000020191073
      objectReference: {fileID: 0}
    - target: {fileID: 8689659122618494555, guid: c63cfa014d48a5c48b25994ddd286550, type: 3}
      propertyPath: m_LocalRotation.y
      value: -0.7071068
      objectReference: {fileID: 0}
    - target: {fileID: 8689659122618494555, guid: c63cfa014d48a5c48b25994ddd286550, type: 3}
      propertyPath: m_LocalRotation.z
      value: -0.7071068
      objectReference: {fileID: 0}
    - target: {fileID: 8689659122618494555, guid: c63cfa014d48a5c48b25994ddd286550, type: 3}
      propertyPath: m_LocalEulerAnglesHint.x
      value: -90
      objectReference: {fileID: 0}
    - target: {fileID: 8689659122618494555, guid: c63cfa014d48a5c48b25994ddd286550, type: 3}
      propertyPath: m_LocalEulerAnglesHint.y
      value: 0
      objectReference: {fileID: 0}
    - target: {fileID: 8689659122618494555, guid: c63cfa014d48a5c48b25994ddd286550, type: 3}
      propertyPath: m_LocalEulerAnglesHint.z
      value: -180
      objectReference: {fileID: 0}
    m_RemovedComponents: []
  m_SourcePrefab: {fileID: 100100000, guid: c63cfa014d48a5c48b25994ddd286550, type: 3}
--- !u!4 &855608064325975397 stripped
Transform:
  m_CorrespondingSourceObject: {fileID: 8689659122618494555, guid: c63cfa014d48a5c48b25994ddd286550, type: 3}
  m_PrefabInstance: {fileID: 8307001589654328126}
  m_PrefabAsset: {fileID: 0}
