%YAML 1.1
%TAG !u! tag:unity3d.com,2011:
--- !u!1 &2767117558865848672
GameObject:
  m_ObjectHideFlags: 0
  m_CorrespondingSourceObject: {fileID: 0}
  m_PrefabInstance: {fileID: 0}
  m_PrefabAsset: {fileID: 0}
  serializedVersion: 6
  m_Component:
  - component: {fileID: 9181720395759333550}
  - component: {fileID: -531383552312423089}
  m_Layer: 0
  m_Name: Tiled_Wall_HighInner2
  m_TagString: Untagged
  m_Icon: {fileID: 0}
  m_NavMeshLayer: 0
  m_StaticEditorFlags: 0
  m_IsActive: 1
--- !u!4 &9181720395759333550
Transform:
  m_ObjectHideFlags: 0
  m_CorrespondingSourceObject: {fileID: 0}
  m_PrefabInstance: {fileID: 0}
  m_PrefabAsset: {fileID: 0}
  m_GameObject: {fileID: 2767117558865848672}
  m_LocalRotation: {x: 0, y: 0, z: 0, w: 1}
  m_LocalPosition: {x: 0, y: 0, z: 0}
  m_LocalScale: {x: 1, y: 1, z: 1}
  m_Children:
  - {fileID: 7836286498462495582}
  - {fileID: 7908966069260189073}
  m_Father: {fileID: 0}
  m_RootOrder: 0
  m_LocalEulerAnglesHint: {x: 0, y: 0, z: 0}
--- !u!114 &-531383552312423089
MonoBehaviour:
  m_ObjectHideFlags: 0
  m_CorrespondingSourceObject: {fileID: 0}
  m_PrefabInstance: {fileID: 0}
  m_PrefabAsset: {fileID: 0}
  m_GameObject: {fileID: 2767117558865848672}
  m_Enabled: 1
  m_EditorHideFlags: 0
  m_Script: {fileID: 11500000, guid: a3cf5643e9d940c48824c28d366c080b, type: 3}
  m_Name: 
  m_EditorClassIdentifier: 
--- !u!1001 &7809854189295207028
PrefabInstance:
  m_ObjectHideFlags: 0
  serializedVersion: 2
  m_Modification:
    m_TransformParent: {fileID: 9181720395759333550}
    m_Modifications:
    - target: {fileID: 117207652669816805, guid: 7bf9ff76f211b114e992bcb382f3d2bf, type: 3}
      propertyPath: m_RootOrder
      value: 1
      objectReference: {fileID: 0}
    - target: {fileID: 117207652669816805, guid: 7bf9ff76f211b114e992bcb382f3d2bf, type: 3}
      propertyPath: m_LocalPosition.x
      value: 0
      objectReference: {fileID: 0}
    - target: {fileID: 117207652669816805, guid: 7bf9ff76f211b114e992bcb382f3d2bf, type: 3}
      propertyPath: m_LocalPosition.y
      value: 4
      objectReference: {fileID: 0}
    - target: {fileID: 117207652669816805, guid: 7bf9ff76f211b114e992bcb382f3d2bf, type: 3}
      propertyPath: m_LocalPosition.z
      value: -0.25000104
      objectReference: {fileID: 0}
    - target: {fileID: 117207652669816805, guid: 7bf9ff76f211b114e992bcb382f3d2bf, type: 3}
      propertyPath: m_LocalRotation.w
      value: 0
      objectReference: {fileID: 0}
    - target: {fileID: 117207652669816805, guid: 7bf9ff76f211b114e992bcb382f3d2bf, type: 3}
      propertyPath: m_LocalRotation.x
      value: 0
      objectReference: {fileID: 0}
    - target: {fileID: 117207652669816805, guid: 7bf9ff76f211b114e992bcb382f3d2bf, type: 3}
      propertyPath: m_LocalRotation.y
      value: 0.7071068
      objectReference: {fileID: 0}
    - target: {fileID: 117207652669816805, guid: 7bf9ff76f211b114e992bcb382f3d2bf, type: 3}
      propertyPath: m_LocalRotation.z
      value: 0.7071068
      objectReference: {fileID: 0}
    - target: {fileID: 117207652669816805, guid: 7bf9ff76f211b114e992bcb382f3d2bf, type: 3}
      propertyPath: m_LocalEulerAnglesHint.x
      value: -90
      objectReference: {fileID: 0}
    - target: {fileID: 117207652669816805, guid: 7bf9ff76f211b114e992bcb382f3d2bf, type: 3}
      propertyPath: m_LocalEulerAnglesHint.y
      value: 180
      objectReference: {fileID: 0}
    - target: {fileID: 117207652669816805, guid: 7bf9ff76f211b114e992bcb382f3d2bf, type: 3}
      propertyPath: m_LocalEulerAnglesHint.z
      value: 0
      objectReference: {fileID: 0}
    - target: {fileID: 5784177098579212911, guid: 7bf9ff76f211b114e992bcb382f3d2bf, type: 3}
      propertyPath: m_Name
      value: 2_Inners (2)
      objectReference: {fileID: 0}
    m_RemovedComponents: []
  m_SourcePrefab: {fileID: 100100000, guid: 7bf9ff76f211b114e992bcb382f3d2bf, type: 3}
--- !u!4 &7908966069260189073 stripped
Transform:
  m_CorrespondingSourceObject: {fileID: 117207652669816805, guid: 7bf9ff76f211b114e992bcb382f3d2bf, type: 3}
  m_PrefabInstance: {fileID: 7809854189295207028}
  m_PrefabAsset: {fileID: 0}
--- !u!1001 &7881425450241395899
PrefabInstance:
  m_ObjectHideFlags: 0
  serializedVersion: 2
  m_Modification:
    m_TransformParent: {fileID: 9181720395759333550}
    m_Modifications:
    - target: {fileID: 117207652669816805, guid: 7bf9ff76f211b114e992bcb382f3d2bf, type: 3}
      propertyPath: m_RootOrder
      value: 0
      objectReference: {fileID: 0}
    - target: {fileID: 117207652669816805, guid: 7bf9ff76f211b114e992bcb382f3d2bf, type: 3}
      propertyPath: m_LocalPosition.x
      value: 0
      objectReference: {fileID: 0}
    - target: {fileID: 117207652669816805, guid: 7bf9ff76f211b114e992bcb382f3d2bf, type: 3}
      propertyPath: m_LocalPosition.y
      value: 0
      objectReference: {fileID: 0}
    - target: {fileID: 117207652669816805, guid: 7bf9ff76f211b114e992bcb382f3d2bf, type: 3}
      propertyPath: m_LocalPosition.z
      value: 0
      objectReference: {fileID: 0}
    - target: {fileID: 117207652669816805, guid: 7bf9ff76f211b114e992bcb382f3d2bf, type: 3}
      propertyPath: m_LocalRotation.w
      value: 0
      objectReference: {fileID: 0}
    - target: {fileID: 117207652669816805, guid: 7bf9ff76f211b114e992bcb382f3d2bf, type: 3}
      propertyPath: m_LocalRotation.x
      value: 0
      objectReference: {fileID: 0}
    - target: {fileID: 117207652669816805, guid: 7bf9ff76f211b114e992bcb382f3d2bf, type: 3}
      propertyPath: m_LocalRotation.y
      value: 0.7071068
      objectReference: {fileID: 0}
    - target: {fileID: 117207652669816805, guid: 7bf9ff76f211b114e992bcb382f3d2bf, type: 3}
      propertyPath: m_LocalRotation.z
      value: 0.7071068
      objectReference: {fileID: 0}
    - target: {fileID: 117207652669816805, guid: 7bf9ff76f211b114e992bcb382f3d2bf, type: 3}
      propertyPath: m_LocalEulerAnglesHint.x
      value: -90
      objectReference: {fileID: 0}
    - target: {fileID: 117207652669816805, guid: 7bf9ff76f211b114e992bcb382f3d2bf, type: 3}
      propertyPath: m_LocalEulerAnglesHint.y
      value: 180
      objectReference: {fileID: 0}
    - target: {fileID: 117207652669816805, guid: 7bf9ff76f211b114e992bcb382f3d2bf, type: 3}
      propertyPath: m_LocalEulerAnglesHint.z
      value: 0
      objectReference: {fileID: 0}
    - target: {fileID: 5784177098579212911, guid: 7bf9ff76f211b114e992bcb382f3d2bf, type: 3}
      propertyPath: m_Name
      value: 2_Inners (1)
      objectReference: {fileID: 0}
    m_RemovedComponents: []
  m_SourcePrefab: {fileID: 100100000, guid: 7bf9ff76f211b114e992bcb382f3d2bf, type: 3}
--- !u!4 &7836286498462495582 stripped
Transform:
  m_CorrespondingSourceObject: {fileID: 117207652669816805, guid: 7bf9ff76f211b114e992bcb382f3d2bf, type: 3}
  m_PrefabInstance: {fileID: 7881425450241395899}
  m_PrefabAsset: {fileID: 0}
