%YAML 1.1
%TAG !u! tag:unity3d.com,2011:
--- !u!1 &1858099761881545223
GameObject:
  m_ObjectHideFlags: 0
  m_CorrespondingSourceObject: {fileID: 0}
  m_PrefabInstance: {fileID: 0}
  m_PrefabAsset: {fileID: 0}
  serializedVersion: 6
  m_Component:
  - component: {fileID: 5871555272447581434}
  - component: {fileID: 471351718232370935}
  m_Layer: 0
  m_Name: Tiled_Wall_HighInner6
  m_TagString: Untagged
  m_Icon: {fileID: 0}
  m_NavMeshLayer: 0
  m_StaticEditorFlags: 0
  m_IsActive: 1
--- !u!4 &5871555272447581434
Transform:
  m_ObjectHideFlags: 0
  m_CorrespondingSourceObject: {fileID: 0}
  m_PrefabInstance: {fileID: 0}
  m_PrefabAsset: {fileID: 0}
  m_GameObject: {fileID: 1858099761881545223}
  m_LocalRotation: {x: 0, y: 0, z: 0, w: 1}
  m_LocalPosition: {x: 0, y: 0, z: 0}
  m_LocalScale: {x: 1, y: 1, z: 1}
  m_Children:
  - {fileID: 7266884577486884324}
  - {fileID: 483223382170604556}
  - {fileID: 4984012012063747665}
  m_Father: {fileID: 0}
  m_RootOrder: 0
  m_LocalEulerAnglesHint: {x: 0, y: 0, z: 0}
--- !u!114 &471351718232370935
MonoBehaviour:
  m_ObjectHideFlags: 0
  m_CorrespondingSourceObject: {fileID: 0}
  m_PrefabInstance: {fileID: 0}
  m_PrefabAsset: {fileID: 0}
  m_GameObject: {fileID: 1858099761881545223}
  m_Enabled: 1
  m_EditorHideFlags: 0
  m_Script: {fileID: 11500000, guid: a3cf5643e9d940c48824c28d366c080b, type: 3}
  m_Name: 
  m_EditorClassIdentifier: 
--- !u!1001 &1288665208052499264
PrefabInstance:
  m_ObjectHideFlags: 0
  serializedVersion: 2
  m_Modification:
    m_TransformParent: {fileID: 5871555272447581434}
    m_Modifications:
    - target: {fileID: 1681675782062004044, guid: 03b20fe2c166b9e4f9b2bfe690b88272, type: 3}
      propertyPath: m_RootOrder
      value: 1
      objectReference: {fileID: 0}
    - target: {fileID: 1681675782062004044, guid: 03b20fe2c166b9e4f9b2bfe690b88272, type: 3}
      propertyPath: m_LocalPosition.x
      value: 0
      objectReference: {fileID: 0}
    - target: {fileID: 1681675782062004044, guid: 03b20fe2c166b9e4f9b2bfe690b88272, type: 3}
      propertyPath: m_LocalPosition.y
      value: 4.0000005
      objectReference: {fileID: 0}
    - target: {fileID: 1681675782062004044, guid: 03b20fe2c166b9e4f9b2bfe690b88272, type: 3}
      propertyPath: m_LocalPosition.z
      value: -0.25000104
      objectReference: {fileID: 0}
    - target: {fileID: 1681675782062004044, guid: 03b20fe2c166b9e4f9b2bfe690b88272, type: 3}
      propertyPath: m_LocalRotation.w
      value: 0
      objectReference: {fileID: 0}
    - target: {fileID: 1681675782062004044, guid: 03b20fe2c166b9e4f9b2bfe690b88272, type: 3}
      propertyPath: m_LocalRotation.x
      value: -0
      objectReference: {fileID: 0}
    - target: {fileID: 1681675782062004044, guid: 03b20fe2c166b9e4f9b2bfe690b88272, type: 3}
      propertyPath: m_LocalRotation.y
      value: 0.7071068
      objectReference: {fileID: 0}
    - target: {fileID: 1681675782062004044, guid: 03b20fe2c166b9e4f9b2bfe690b88272, type: 3}
      propertyPath: m_LocalRotation.z
      value: 0.7071068
      objectReference: {fileID: 0}
    - target: {fileID: 1681675782062004044, guid: 03b20fe2c166b9e4f9b2bfe690b88272, type: 3}
      propertyPath: m_LocalEulerAnglesHint.x
      value: -90
      objectReference: {fileID: 0}
    - target: {fileID: 1681675782062004044, guid: 03b20fe2c166b9e4f9b2bfe690b88272, type: 3}
      propertyPath: m_LocalEulerAnglesHint.y
      value: 180
      objectReference: {fileID: 0}
    - target: {fileID: 1681675782062004044, guid: 03b20fe2c166b9e4f9b2bfe690b88272, type: 3}
      propertyPath: m_LocalEulerAnglesHint.z
      value: 0
      objectReference: {fileID: 0}
    - target: {fileID: 5528098252767874414, guid: 03b20fe2c166b9e4f9b2bfe690b88272, type: 3}
      propertyPath: m_Name
      value: 3_Inners
      objectReference: {fileID: 0}
    - target: {fileID: 5528098252767874414, guid: 03b20fe2c166b9e4f9b2bfe690b88272, type: 3}
      propertyPath: m_IsActive
      value: 1
      objectReference: {fileID: 0}
    m_RemovedComponents: []
  m_SourcePrefab: {fileID: 100100000, guid: 03b20fe2c166b9e4f9b2bfe690b88272, type: 3}
--- !u!4 &483223382170604556 stripped
Transform:
  m_CorrespondingSourceObject: {fileID: 1681675782062004044, guid: 03b20fe2c166b9e4f9b2bfe690b88272, type: 3}
  m_PrefabInstance: {fileID: 1288665208052499264}
  m_PrefabAsset: {fileID: 0}
--- !u!1001 &5943704440173771037
PrefabInstance:
  m_ObjectHideFlags: 0
  serializedVersion: 2
  m_Modification:
    m_TransformParent: {fileID: 5871555272447581434}
    m_Modifications:
    - target: {fileID: 1681675782062004044, guid: 03b20fe2c166b9e4f9b2bfe690b88272, type: 3}
      propertyPath: m_RootOrder
      value: 2
      objectReference: {fileID: 0}
    - target: {fileID: 1681675782062004044, guid: 03b20fe2c166b9e4f9b2bfe690b88272, type: 3}
      propertyPath: m_LocalPosition.x
      value: 1.5
      objectReference: {fileID: 0}
    - target: {fileID: 1681675782062004044, guid: 03b20fe2c166b9e4f9b2bfe690b88272, type: 3}
      propertyPath: m_LocalPosition.y
      value: 4.0000005
      objectReference: {fileID: 0}
    - target: {fileID: 1681675782062004044, guid: 03b20fe2c166b9e4f9b2bfe690b88272, type: 3}
      propertyPath: m_LocalPosition.z
      value: -0.25000104
      objectReference: {fileID: 0}
    - target: {fileID: 1681675782062004044, guid: 03b20fe2c166b9e4f9b2bfe690b88272, type: 3}
      propertyPath: m_LocalRotation.w
      value: 0
      objectReference: {fileID: 0}
    - target: {fileID: 1681675782062004044, guid: 03b20fe2c166b9e4f9b2bfe690b88272, type: 3}
      propertyPath: m_LocalRotation.x
      value: -0
      objectReference: {fileID: 0}
    - target: {fileID: 1681675782062004044, guid: 03b20fe2c166b9e4f9b2bfe690b88272, type: 3}
      propertyPath: m_LocalRotation.y
      value: 0.7071068
      objectReference: {fileID: 0}
    - target: {fileID: 1681675782062004044, guid: 03b20fe2c166b9e4f9b2bfe690b88272, type: 3}
      propertyPath: m_LocalRotation.z
      value: 0.7071068
      objectReference: {fileID: 0}
    - target: {fileID: 1681675782062004044, guid: 03b20fe2c166b9e4f9b2bfe690b88272, type: 3}
      propertyPath: m_LocalEulerAnglesHint.x
      value: -90
      objectReference: {fileID: 0}
    - target: {fileID: 1681675782062004044, guid: 03b20fe2c166b9e4f9b2bfe690b88272, type: 3}
      propertyPath: m_LocalEulerAnglesHint.y
      value: 180
      objectReference: {fileID: 0}
    - target: {fileID: 1681675782062004044, guid: 03b20fe2c166b9e4f9b2bfe690b88272, type: 3}
      propertyPath: m_LocalEulerAnglesHint.z
      value: 0
      objectReference: {fileID: 0}
    - target: {fileID: 5528098252767874414, guid: 03b20fe2c166b9e4f9b2bfe690b88272, type: 3}
      propertyPath: m_Name
      value: 3_Inners (1)
      objectReference: {fileID: 0}
    - target: {fileID: 5528098252767874414, guid: 03b20fe2c166b9e4f9b2bfe690b88272, type: 3}
      propertyPath: m_IsActive
      value: 1
      objectReference: {fileID: 0}
    m_RemovedComponents: []
  m_SourcePrefab: {fileID: 100100000, guid: 03b20fe2c166b9e4f9b2bfe690b88272, type: 3}
--- !u!4 &4984012012063747665 stripped
Transform:
  m_CorrespondingSourceObject: {fileID: 1681675782062004044, guid: 03b20fe2c166b9e4f9b2bfe690b88272, type: 3}
  m_PrefabInstance: {fileID: 5943704440173771037}
  m_PrefabAsset: {fileID: 0}
--- !u!1001 &6588194115644195721
PrefabInstance:
  m_ObjectHideFlags: 0
  serializedVersion: 2
  m_Modification:
    m_TransformParent: {fileID: 5871555272447581434}
    m_Modifications:
    - target: {fileID: 146237987377309039, guid: 047e0b4984cd1e5438080dafa2631d73, type: 3}
      propertyPath: m_Name
      value: 6_Inners
      objectReference: {fileID: 0}
    - target: {fileID: 146237987377309039, guid: 047e0b4984cd1e5438080dafa2631d73, type: 3}
      propertyPath: m_IsActive
      value: 1
      objectReference: {fileID: 0}
    - target: {fileID: 4590538707539611245, guid: 047e0b4984cd1e5438080dafa2631d73, type: 3}
      propertyPath: m_RootOrder
      value: 0
      objectReference: {fileID: 0}
    - target: {fileID: 4590538707539611245, guid: 047e0b4984cd1e5438080dafa2631d73, type: 3}
      propertyPath: m_LocalPosition.x
      value: 0
      objectReference: {fileID: 0}
    - target: {fileID: 4590538707539611245, guid: 047e0b4984cd1e5438080dafa2631d73, type: 3}
      propertyPath: m_LocalPosition.y
      value: 0
      objectReference: {fileID: 0}
    - target: {fileID: 4590538707539611245, guid: 047e0b4984cd1e5438080dafa2631d73, type: 3}
      propertyPath: m_LocalPosition.z
      value: 0
      objectReference: {fileID: 0}
    - target: {fileID: 4590538707539611245, guid: 047e0b4984cd1e5438080dafa2631d73, type: 3}
      propertyPath: m_LocalRotation.w
      value: 0
      objectReference: {fileID: 0}
    - target: {fileID: 4590538707539611245, guid: 047e0b4984cd1e5438080dafa2631d73, type: 3}
      propertyPath: m_LocalRotation.x
      value: 0
      objectReference: {fileID: 0}
    - target: {fileID: 4590538707539611245, guid: 047e0b4984cd1e5438080dafa2631d73, type: 3}
      propertyPath: m_LocalRotation.y
      value: 0.7071068
      objectReference: {fileID: 0}
    - target: {fileID: 4590538707539611245, guid: 047e0b4984cd1e5438080dafa2631d73, type: 3}
      propertyPath: m_LocalRotation.z
      value: 0.7071068
      objectReference: {fileID: 0}
    - target: {fileID: 4590538707539611245, guid: 047e0b4984cd1e5438080dafa2631d73, type: 3}
      propertyPath: m_LocalEulerAnglesHint.x
      value: -90
      objectReference: {fileID: 0}
    - target: {fileID: 4590538707539611245, guid: 047e0b4984cd1e5438080dafa2631d73, type: 3}
      propertyPath: m_LocalEulerAnglesHint.y
      value: 180
      objectReference: {fileID: 0}
    - target: {fileID: 4590538707539611245, guid: 047e0b4984cd1e5438080dafa2631d73, type: 3}
      propertyPath: m_LocalEulerAnglesHint.z
      value: 0
      objectReference: {fileID: 0}
    m_RemovedComponents: []
  m_SourcePrefab: {fileID: 100100000, guid: 047e0b4984cd1e5438080dafa2631d73, type: 3}
--- !u!4 &7266884577486884324 stripped
Transform:
  m_CorrespondingSourceObject: {fileID: 4590538707539611245, guid: 047e0b4984cd1e5438080dafa2631d73, type: 3}
  m_PrefabInstance: {fileID: 6588194115644195721}
  m_PrefabAsset: {fileID: 0}
