%YAML 1.1
%TAG !u! tag:unity3d.com,2011:
--- !u!1 &754135500216931247
GameObject:
  m_ObjectHideFlags: 0
  m_CorrespondingSourceObject: {fileID: 0}
  m_PrefabInstance: {fileID: 0}
  m_PrefabAsset: {fileID: 0}
  serializedVersion: 6
  m_Component:
  - component: {fileID: 6867431130194480288}
  - component: {fileID: 8729930017836431865}
  m_Layer: 0
  m_Name: Tiled_Wall_HighInner4
  m_TagString: Untagged
  m_Icon: {fileID: 0}
  m_NavMeshLayer: 0
  m_StaticEditorFlags: 0
  m_IsActive: 1
--- !u!4 &6867431130194480288
Transform:
  m_ObjectHideFlags: 0
  m_CorrespondingSourceObject: {fileID: 0}
  m_PrefabInstance: {fileID: 0}
  m_PrefabAsset: {fileID: 0}
  m_GameObject: {fileID: 754135500216931247}
  m_LocalRotation: {x: 0, y: 0, z: 0, w: 1}
  m_LocalPosition: {x: 0, y: 0, z: 0}
  m_LocalScale: {x: 1, y: 1, z: 1}
  m_Children:
  - {fileID: 3179356624513091913}
  - {fileID: 8340951146333996588}
  - {fileID: 7945397401463765293}
  m_Father: {fileID: 0}
  m_RootOrder: 0
  m_LocalEulerAnglesHint: {x: 0, y: 0, z: 0}
--- !u!114 &8729930017836431865
MonoBehaviour:
  m_ObjectHideFlags: 0
  m_CorrespondingSourceObject: {fileID: 0}
  m_PrefabInstance: {fileID: 0}
  m_PrefabAsset: {fileID: 0}
  m_GameObject: {fileID: 754135500216931247}
  m_Enabled: 1
  m_EditorHideFlags: 0
  m_Script: {fileID: 11500000, guid: a3cf5643e9d940c48824c28d366c080b, type: 3}
  m_Name: 
  m_EditorClassIdentifier: 
--- !u!1 &3083771880304304098
GameObject:
  m_ObjectHideFlags: 0
  m_CorrespondingSourceObject: {fileID: 0}
  m_PrefabInstance: {fileID: 0}
  m_PrefabAsset: {fileID: 0}
  serializedVersion: 6
  m_Component:
  - component: {fileID: 8340951146333996588}
  - component: {fileID: 8362377006712585165}
  m_Layer: 0
  m_Name: Tiled_Wall_HighInner2
  m_TagString: Untagged
  m_Icon: {fileID: 0}
  m_NavMeshLayer: 0
  m_StaticEditorFlags: 0
  m_IsActive: 1
--- !u!4 &8340951146333996588
Transform:
  m_ObjectHideFlags: 0
  m_CorrespondingSourceObject: {fileID: 0}
  m_PrefabInstance: {fileID: 0}
  m_PrefabAsset: {fileID: 0}
  m_GameObject: {fileID: 3083771880304304098}
  m_LocalRotation: {x: 0, y: 0, z: 0, w: 1}
  m_LocalPosition: {x: 0, y: 4, z: 0}
  m_LocalScale: {x: 1, y: 1, z: 1}
  m_Children:
  - {fileID: 6948229457179723228}
  m_Father: {fileID: 6867431130194480288}
  m_RootOrder: 1
  m_LocalEulerAnglesHint: {x: 0, y: 0, z: 0}
--- !u!114 &8362377006712585165
MonoBehaviour:
  m_ObjectHideFlags: 0
  m_CorrespondingSourceObject: {fileID: 0}
  m_PrefabInstance: {fileID: 0}
  m_PrefabAsset: {fileID: 0}
  m_GameObject: {fileID: 3083771880304304098}
  m_Enabled: 1
  m_EditorHideFlags: 0
  m_Script: {fileID: 11500000, guid: a3cf5643e9d940c48824c28d366c080b, type: 3}
  m_Name: 
  m_EditorClassIdentifier: 
--- !u!1 &6759952984622511910
GameObject:
  m_ObjectHideFlags: 0
  m_CorrespondingSourceObject: {fileID: 0}
  m_PrefabInstance: {fileID: 0}
  m_PrefabAsset: {fileID: 0}
  serializedVersion: 6
  m_Component:
  - component: {fileID: 7945397401463765293}
  - component: {fileID: 5577933800749317809}
  m_Layer: 0
  m_Name: Tiled_Wall_HighInner2 (1)
  m_TagString: Untagged
  m_Icon: {fileID: 0}
  m_NavMeshLayer: 0
  m_StaticEditorFlags: 0
  m_IsActive: 1
--- !u!4 &7945397401463765293
Transform:
  m_ObjectHideFlags: 0
  m_CorrespondingSourceObject: {fileID: 0}
  m_PrefabInstance: {fileID: 0}
  m_PrefabAsset: {fileID: 0}
  m_GameObject: {fileID: 6759952984622511910}
  m_LocalRotation: {x: 0, y: 0, z: 0, w: 1}
  m_LocalPosition: {x: 1, y: 4, z: 0}
  m_LocalScale: {x: 1, y: 1, z: 1}
  m_Children:
  - {fileID: 5163980087981783160}
  m_Father: {fileID: 6867431130194480288}
  m_RootOrder: 2
  m_LocalEulerAnglesHint: {x: 0, y: 0, z: 0}
--- !u!114 &5577933800749317809
MonoBehaviour:
  m_ObjectHideFlags: 0
  m_CorrespondingSourceObject: {fileID: 0}
  m_PrefabInstance: {fileID: 0}
  m_PrefabAsset: {fileID: 0}
  m_GameObject: {fileID: 6759952984622511910}
  m_Enabled: 1
  m_EditorHideFlags: 0
  m_Script: {fileID: 11500000, guid: a3cf5643e9d940c48824c28d366c080b, type: 3}
  m_Name: 
  m_EditorClassIdentifier: 
--- !u!1001 &1604740297762345966
PrefabInstance:
  m_ObjectHideFlags: 0
  serializedVersion: 2
  m_Modification:
    m_TransformParent: {fileID: 6867431130194480288}
    m_Modifications:
    - target: {fileID: 3176059690308030471, guid: 8c373a9a7d2f901478b1b5ee6a1b458b, type: 3}
      propertyPath: m_Name
      value: 4_Inners
      objectReference: {fileID: 0}
    - target: {fileID: 3176059690308030471, guid: 8c373a9a7d2f901478b1b5ee6a1b458b, type: 3}
      propertyPath: m_IsActive
      value: 1
      objectReference: {fileID: 0}
    - target: {fileID: 4204803825590229671, guid: 8c373a9a7d2f901478b1b5ee6a1b458b, type: 3}
      propertyPath: m_RootOrder
      value: 0
      objectReference: {fileID: 0}
    - target: {fileID: 4204803825590229671, guid: 8c373a9a7d2f901478b1b5ee6a1b458b, type: 3}
      propertyPath: m_LocalPosition.x
      value: 0
      objectReference: {fileID: 0}
    - target: {fileID: 4204803825590229671, guid: 8c373a9a7d2f901478b1b5ee6a1b458b, type: 3}
      propertyPath: m_LocalPosition.y
      value: 0
      objectReference: {fileID: 0}
    - target: {fileID: 4204803825590229671, guid: 8c373a9a7d2f901478b1b5ee6a1b458b, type: 3}
      propertyPath: m_LocalPosition.z
      value: 0
      objectReference: {fileID: 0}
    - target: {fileID: 4204803825590229671, guid: 8c373a9a7d2f901478b1b5ee6a1b458b, type: 3}
      propertyPath: m_LocalRotation.w
      value: 0
      objectReference: {fileID: 0}
    - target: {fileID: 4204803825590229671, guid: 8c373a9a7d2f901478b1b5ee6a1b458b, type: 3}
      propertyPath: m_LocalRotation.x
      value: -0
      objectReference: {fileID: 0}
    - target: {fileID: 4204803825590229671, guid: 8c373a9a7d2f901478b1b5ee6a1b458b, type: 3}
      propertyPath: m_LocalRotation.y
      value: 0.7071068
      objectReference: {fileID: 0}
    - target: {fileID: 4204803825590229671, guid: 8c373a9a7d2f901478b1b5ee6a1b458b, type: 3}
      propertyPath: m_LocalRotation.z
      value: 0.7071068
      objectReference: {fileID: 0}
    - target: {fileID: 4204803825590229671, guid: 8c373a9a7d2f901478b1b5ee6a1b458b, type: 3}
      propertyPath: m_LocalEulerAnglesHint.x
      value: -90
      objectReference: {fileID: 0}
    - target: {fileID: 4204803825590229671, guid: 8c373a9a7d2f901478b1b5ee6a1b458b, type: 3}
      propertyPath: m_LocalEulerAnglesHint.y
      value: 180
      objectReference: {fileID: 0}
    - target: {fileID: 4204803825590229671, guid: 8c373a9a7d2f901478b1b5ee6a1b458b, type: 3}
      propertyPath: m_LocalEulerAnglesHint.z
      value: 0
      objectReference: {fileID: 0}
    m_RemovedComponents: []
  m_SourcePrefab: {fileID: 100100000, guid: 8c373a9a7d2f901478b1b5ee6a1b458b, type: 3}
--- !u!4 &3179356624513091913 stripped
Transform:
  m_CorrespondingSourceObject: {fileID: 4204803825590229671, guid: 8c373a9a7d2f901478b1b5ee6a1b458b, type: 3}
  m_PrefabInstance: {fileID: 1604740297762345966}
  m_PrefabAsset: {fileID: 0}
--- !u!1001 &5046920251041597341
PrefabInstance:
  m_ObjectHideFlags: 0
  serializedVersion: 2
  m_Modification:
    m_TransformParent: {fileID: 7945397401463765293}
    m_Modifications:
    - target: {fileID: 117207652669816805, guid: 7bf9ff76f211b114e992bcb382f3d2bf, type: 3}
      propertyPath: m_RootOrder
      value: 0
      objectReference: {fileID: 0}
    - target: {fileID: 117207652669816805, guid: 7bf9ff76f211b114e992bcb382f3d2bf, type: 3}
      propertyPath: m_LocalPosition.x
      value: 0
      objectReference: {fileID: 0}
    - target: {fileID: 117207652669816805, guid: 7bf9ff76f211b114e992bcb382f3d2bf, type: 3}
      propertyPath: m_LocalPosition.y
      value: 0
      objectReference: {fileID: 0}
    - target: {fileID: 117207652669816805, guid: 7bf9ff76f211b114e992bcb382f3d2bf, type: 3}
      propertyPath: m_LocalPosition.z
      value: -0.25000104
      objectReference: {fileID: 0}
    - target: {fileID: 117207652669816805, guid: 7bf9ff76f211b114e992bcb382f3d2bf, type: 3}
      propertyPath: m_LocalRotation.w
      value: 0
      objectReference: {fileID: 0}
    - target: {fileID: 117207652669816805, guid: 7bf9ff76f211b114e992bcb382f3d2bf, type: 3}
      propertyPath: m_LocalRotation.x
      value: 0
      objectReference: {fileID: 0}
    - target: {fileID: 117207652669816805, guid: 7bf9ff76f211b114e992bcb382f3d2bf, type: 3}
      propertyPath: m_LocalRotation.y
      value: 0.7071068
      objectReference: {fileID: 0}
    - target: {fileID: 117207652669816805, guid: 7bf9ff76f211b114e992bcb382f3d2bf, type: 3}
      propertyPath: m_LocalRotation.z
      value: 0.7071068
      objectReference: {fileID: 0}
    - target: {fileID: 117207652669816805, guid: 7bf9ff76f211b114e992bcb382f3d2bf, type: 3}
      propertyPath: m_LocalEulerAnglesHint.x
      value: -90
      objectReference: {fileID: 0}
    - target: {fileID: 117207652669816805, guid: 7bf9ff76f211b114e992bcb382f3d2bf, type: 3}
      propertyPath: m_LocalEulerAnglesHint.y
      value: 180
      objectReference: {fileID: 0}
    - target: {fileID: 117207652669816805, guid: 7bf9ff76f211b114e992bcb382f3d2bf, type: 3}
      propertyPath: m_LocalEulerAnglesHint.z
      value: 0
      objectReference: {fileID: 0}
    - target: {fileID: 5784177098579212911, guid: 7bf9ff76f211b114e992bcb382f3d2bf, type: 3}
      propertyPath: m_Name
      value: 2_Inners (1)
      objectReference: {fileID: 0}
    m_RemovedComponents: []
  m_SourcePrefab: {fileID: 100100000, guid: 7bf9ff76f211b114e992bcb382f3d2bf, type: 3}
--- !u!4 &5163980087981783160 stripped
Transform:
  m_CorrespondingSourceObject: {fileID: 117207652669816805, guid: 7bf9ff76f211b114e992bcb382f3d2bf, type: 3}
  m_PrefabInstance: {fileID: 5046920251041597341}
  m_PrefabAsset: {fileID: 0}
--- !u!1001 &7047419137790655033
PrefabInstance:
  m_ObjectHideFlags: 0
  serializedVersion: 2
  m_Modification:
    m_TransformParent: {fileID: 8340951146333996588}
    m_Modifications:
    - target: {fileID: 117207652669816805, guid: 7bf9ff76f211b114e992bcb382f3d2bf, type: 3}
      propertyPath: m_RootOrder
      value: 0
      objectReference: {fileID: 0}
    - target: {fileID: 117207652669816805, guid: 7bf9ff76f211b114e992bcb382f3d2bf, type: 3}
      propertyPath: m_LocalPosition.x
      value: 0
      objectReference: {fileID: 0}
    - target: {fileID: 117207652669816805, guid: 7bf9ff76f211b114e992bcb382f3d2bf, type: 3}
      propertyPath: m_LocalPosition.y
      value: 0
      objectReference: {fileID: 0}
    - target: {fileID: 117207652669816805, guid: 7bf9ff76f211b114e992bcb382f3d2bf, type: 3}
      propertyPath: m_LocalPosition.z
      value: -0.25000104
      objectReference: {fileID: 0}
    - target: {fileID: 117207652669816805, guid: 7bf9ff76f211b114e992bcb382f3d2bf, type: 3}
      propertyPath: m_LocalRotation.w
      value: 0
      objectReference: {fileID: 0}
    - target: {fileID: 117207652669816805, guid: 7bf9ff76f211b114e992bcb382f3d2bf, type: 3}
      propertyPath: m_LocalRotation.x
      value: 0
      objectReference: {fileID: 0}
    - target: {fileID: 117207652669816805, guid: 7bf9ff76f211b114e992bcb382f3d2bf, type: 3}
      propertyPath: m_LocalRotation.y
      value: 0.7071068
      objectReference: {fileID: 0}
    - target: {fileID: 117207652669816805, guid: 7bf9ff76f211b114e992bcb382f3d2bf, type: 3}
      propertyPath: m_LocalRotation.z
      value: 0.7071068
      objectReference: {fileID: 0}
    - target: {fileID: 117207652669816805, guid: 7bf9ff76f211b114e992bcb382f3d2bf, type: 3}
      propertyPath: m_LocalEulerAnglesHint.x
      value: -90
      objectReference: {fileID: 0}
    - target: {fileID: 117207652669816805, guid: 7bf9ff76f211b114e992bcb382f3d2bf, type: 3}
      propertyPath: m_LocalEulerAnglesHint.y
      value: 180
      objectReference: {fileID: 0}
    - target: {fileID: 117207652669816805, guid: 7bf9ff76f211b114e992bcb382f3d2bf, type: 3}
      propertyPath: m_LocalEulerAnglesHint.z
      value: 0
      objectReference: {fileID: 0}
    - target: {fileID: 5784177098579212911, guid: 7bf9ff76f211b114e992bcb382f3d2bf, type: 3}
      propertyPath: m_Name
      value: 2_Inners (1)
      objectReference: {fileID: 0}
    m_RemovedComponents: []
  m_SourcePrefab: {fileID: 100100000, guid: 7bf9ff76f211b114e992bcb382f3d2bf, type: 3}
--- !u!4 &6948229457179723228 stripped
Transform:
  m_CorrespondingSourceObject: {fileID: 117207652669816805, guid: 7bf9ff76f211b114e992bcb382f3d2bf, type: 3}
  m_PrefabInstance: {fileID: 7047419137790655033}
  m_PrefabAsset: {fileID: 0}
