%YAML 1.1
%TAG !u! tag:unity3d.com,2011:
--- !u!1 &5022068408323363154
GameObject:
  m_ObjectHideFlags: 0
  m_CorrespondingSourceObject: {fileID: 0}
  m_PrefabInstance: {fileID: 0}
  m_PrefabAsset: {fileID: 0}
  serializedVersion: 6
  m_Component:
  - component: {fileID: 5022068408323363156}
  - component: {fileID: 5022068408323363157}
  m_Layer: 0
  m_Name: Tiled_Roof_Light_Off
  m_TagString: Untagged
  m_Icon: {fileID: 0}
  m_NavMeshLayer: 0
  m_StaticEditorFlags: 0
  m_IsActive: 1
--- !u!4 &5022068408323363156
Transform:
  m_ObjectHideFlags: 0
  m_CorrespondingSourceObject: {fileID: 0}
  m_PrefabInstance: {fileID: 0}
  m_PrefabAsset: {fileID: 0}
  m_GameObject: {fileID: 5022068408323363154}
  m_LocalRotation: {x: 0, y: 0, z: 0, w: 1}
  m_LocalPosition: {x: 0, y: 0, z: 0}
  m_LocalScale: {x: 1, y: 1, z: 1}
  m_Children:
  - {fileID: 8886660565239911474}
  m_Father: {fileID: 0}
  m_RootOrder: 0
  m_LocalEulerAnglesHint: {x: 0, y: 0, z: 0}
--- !u!114 &5022068408323363157
MonoBehaviour:
  m_ObjectHideFlags: 0
  m_CorrespondingSourceObject: {fileID: 0}
  m_PrefabInstance: {fileID: 0}
  m_PrefabAsset: {fileID: 0}
  m_GameObject: {fileID: 5022068408323363154}
  m_Enabled: 1
  m_EditorHideFlags: 0
  m_Script: {fileID: 11500000, guid: a3cf5643e9d940c48824c28d366c080b, type: 3}
  m_Name: 
  m_EditorClassIdentifier: 
--- !u!1 &8077225859467480712
GameObject:
  m_ObjectHideFlags: 0
  m_CorrespondingSourceObject: {fileID: 0}
  m_PrefabInstance: {fileID: 0}
  m_PrefabAsset: {fileID: 0}
  serializedVersion: 6
  m_Component:
  - component: {fileID: 8886660565239911474}
  m_Layer: 0
  m_Name: AnimatedLight
  m_TagString: Untagged
  m_Icon: {fileID: 0}
  m_NavMeshLayer: 0
  m_StaticEditorFlags: 4294967295
  m_IsActive: 1
--- !u!4 &8886660565239911474
Transform:
  m_ObjectHideFlags: 0
  m_CorrespondingSourceObject: {fileID: 0}
  m_PrefabInstance: {fileID: 0}
  m_PrefabAsset: {fileID: 0}
  m_GameObject: {fileID: 8077225859467480712}
  m_LocalRotation: {x: -0, y: -0, z: -0.0000004768371, w: -1}
  m_LocalPosition: {x: 0, y: 0, z: 0}
  m_LocalScale: {x: 1, y: 1, z: 1}
  m_Children:
  - {fileID: 6449379915971926527}
  m_Father: {fileID: 5022068408323363156}
  m_RootOrder: 0
  m_LocalEulerAnglesHint: {x: -180, y: -180, z: -180}
--- !u!1001 &6660475716419530819
PrefabInstance:
  m_ObjectHideFlags: 0
  serializedVersion: 2
  m_Modification:
    m_TransformParent: {fileID: 8886660565239911474}
    m_Modifications:
    - target: {fileID: 427296319494072764, guid: b00e9f0d78f2ab04781190f6d4cf2d50, type: 3}
      propertyPath: m_RootOrder
      value: 0
      objectReference: {fileID: 0}
    - target: {fileID: 427296319494072764, guid: b00e9f0d78f2ab04781190f6d4cf2d50, type: 3}
      propertyPath: m_LocalScale.x
      value: 1
      objectReference: {fileID: 0}
    - target: {fileID: 427296319494072764, guid: b00e9f0d78f2ab04781190f6d4cf2d50, type: 3}
      propertyPath: m_LocalScale.y
      value: 1
      objectReference: {fileID: 0}
    - target: {fileID: 427296319494072764, guid: b00e9f0d78f2ab04781190f6d4cf2d50, type: 3}
      propertyPath: m_LocalScale.z
      value: 1
      objectReference: {fileID: 0}
    - target: {fileID: 427296319494072764, guid: b00e9f0d78f2ab04781190f6d4cf2d50, type: 3}
      propertyPath: m_LocalPosition.x
      value: 3.9625041
      objectReference: {fileID: 0}
    - target: {fileID: 427296319494072764, guid: b00e9f0d78f2ab04781190f6d4cf2d50, type: 3}
      propertyPath: m_LocalPosition.y
      value: -0.0000034570694
      objectReference: {fileID: 0}
    - target: {fileID: 427296319494072764, guid: b00e9f0d78f2ab04781190f6d4cf2d50, type: 3}
      propertyPath: m_LocalPosition.z
      value: -1.0177584
      objectReference: {fileID: 0}
    - target: {fileID: 427296319494072764, guid: b00e9f0d78f2ab04781190f6d4cf2d50, type: 3}
      propertyPath: m_LocalRotation.w
      value: 0.70710677
      objectReference: {fileID: 0}
    - target: {fileID: 427296319494072764, guid: b00e9f0d78f2ab04781190f6d4cf2d50, type: 3}
      propertyPath: m_LocalRotation.x
      value: 0.7071069
      objectReference: {fileID: 0}
    - target: {fileID: 427296319494072764, guid: b00e9f0d78f2ab04781190f6d4cf2d50, type: 3}
      propertyPath: m_LocalRotation.y
      value: -0.0000003371748
      objectReference: {fileID: 0}
    - target: {fileID: 427296319494072764, guid: b00e9f0d78f2ab04781190f6d4cf2d50, type: 3}
      propertyPath: m_LocalRotation.z
      value: -0.00000033717475
      objectReference: {fileID: 0}
    - target: {fileID: 427296319494072764, guid: b00e9f0d78f2ab04781190f6d4cf2d50, type: 3}
      propertyPath: m_LocalEulerAnglesHint.x
      value: -270
      objectReference: {fileID: 0}
    - target: {fileID: 427296319494072764, guid: b00e9f0d78f2ab04781190f6d4cf2d50, type: 3}
      propertyPath: m_LocalEulerAnglesHint.y
      value: 0
      objectReference: {fileID: 0}
    - target: {fileID: 427296319494072764, guid: b00e9f0d78f2ab04781190f6d4cf2d50, type: 3}
      propertyPath: m_LocalEulerAnglesHint.z
      value: 0
      objectReference: {fileID: 0}
    - target: {fileID: 3822370375253855193, guid: b00e9f0d78f2ab04781190f6d4cf2d50, type: 3}
      propertyPath: m_Materials.Array.data[0]
      value: 
      objectReference: {fileID: 2100000, guid: 6aee7884115960b43be1512bf0a1f914, type: 2}
    - target: {fileID: 4864901349615494117, guid: b00e9f0d78f2ab04781190f6d4cf2d50, type: 3}
      propertyPath: m_LocalPosition.x
      value: -0.645
      objectReference: {fileID: 0}
    - target: {fileID: 4864901349615494117, guid: b00e9f0d78f2ab04781190f6d4cf2d50, type: 3}
      propertyPath: m_LocalPosition.y
      value: 0.22
      objectReference: {fileID: 0}
    - target: {fileID: 4864901349615494117, guid: b00e9f0d78f2ab04781190f6d4cf2d50, type: 3}
      propertyPath: m_LocalPosition.z
      value: -0
      objectReference: {fileID: 0}
    - target: {fileID: 7974476593973344324, guid: b00e9f0d78f2ab04781190f6d4cf2d50, type: 3}
      propertyPath: m_Name
      value: Floor big square
      objectReference: {fileID: 0}
    m_RemovedComponents: []
  m_SourcePrefab: {fileID: 100100000, guid: b00e9f0d78f2ab04781190f6d4cf2d50, type: 3}
--- !u!4 &6449379915971926527 stripped
Transform:
  m_CorrespondingSourceObject: {fileID: 427296319494072764, guid: b00e9f0d78f2ab04781190f6d4cf2d50, type: 3}
  m_PrefabInstance: {fileID: 6660475716419530819}
  m_PrefabAsset: {fileID: 0}
