%YAML 1.1
%TAG !u! tag:unity3d.com,2011:
--- !u!1 &723728559056915899
GameObject:
  m_ObjectHideFlags: 0
  m_CorrespondingSourceObject: {fileID: 0}
  m_PrefabInstance: {fileID: 0}
  m_PrefabAsset: {fileID: 0}
  serializedVersion: 6
  m_Component:
  - component: {fileID: 723728559056915897}
  - component: {fileID: 723728559056915898}
  m_Layer: 0
  m_Name: Tiled_Roof_ScaledLight_HalfOff
  m_TagString: Untagged
  m_Icon: {fileID: 0}
  m_NavMeshLayer: 0
  m_StaticEditorFlags: 0
  m_IsActive: 1
--- !u!4 &723728559056915897
Transform:
  m_ObjectHideFlags: 0
  m_CorrespondingSourceObject: {fileID: 0}
  m_PrefabInstance: {fileID: 0}
  m_PrefabAsset: {fileID: 0}
  m_GameObject: {fileID: 723728559056915899}
  m_LocalRotation: {x: -0, y: -0, z: -0, w: 1}
  m_LocalPosition: {x: 0, y: 0, z: 0}
  m_LocalScale: {x: 1, y: 1, z: 1}
  m_Children:
  - {fileID: 723728559445653362}
  m_Father: {fileID: 0}
  m_RootOrder: 0
  m_LocalEulerAnglesHint: {x: 0, y: 0, z: 0}
--- !u!114 &723728559056915898
MonoBehaviour:
  m_ObjectHideFlags: 0
  m_CorrespondingSourceObject: {fileID: 0}
  m_PrefabInstance: {fileID: 0}
  m_PrefabAsset: {fileID: 0}
  m_GameObject: {fileID: 723728559056915899}
  m_Enabled: 1
  m_EditorHideFlags: 0
  m_Script: {fileID: 11500000, guid: a3cf5643e9d940c48824c28d366c080b, type: 3}
  m_Name: 
  m_EditorClassIdentifier: 
--- !u!1 &723728559445653363
GameObject:
  m_ObjectHideFlags: 0
  m_CorrespondingSourceObject: {fileID: 0}
  m_PrefabInstance: {fileID: 0}
  m_PrefabAsset: {fileID: 0}
  serializedVersion: 6
  m_Component:
  - component: {fileID: 723728559445653362}
  m_Layer: 0
  m_Name: Pivot
  m_TagString: Untagged
  m_Icon: {fileID: 0}
  m_NavMeshLayer: 0
  m_StaticEditorFlags: 0
  m_IsActive: 1
--- !u!4 &723728559445653362
Transform:
  m_ObjectHideFlags: 0
  m_CorrespondingSourceObject: {fileID: 0}
  m_PrefabInstance: {fileID: 0}
  m_PrefabAsset: {fileID: 0}
  m_GameObject: {fileID: 723728559445653363}
  m_LocalRotation: {x: -0, y: -0, z: -0, w: 1}
  m_LocalPosition: {x: 0, y: 0, z: 0}
  m_LocalScale: {x: 2, y: 1, z: 2}
  m_Children:
  - {fileID: 661525644375900857}
  m_Father: {fileID: 723728559056915897}
  m_RootOrder: 0
  m_LocalEulerAnglesHint: {x: 0, y: 0, z: 0}
--- !u!1001 &6005372441909854912
PrefabInstance:
  m_ObjectHideFlags: 0
  serializedVersion: 2
  m_Modification:
    m_TransformParent: {fileID: 723728559445653362}
    m_Modifications:
    - target: {fileID: 6519356811292917881, guid: 6d1e8df77b6559f469b775a3fa889988, type: 3}
      propertyPath: m_RootOrder
      value: 0
      objectReference: {fileID: 0}
    - target: {fileID: 6519356811292917881, guid: 6d1e8df77b6559f469b775a3fa889988, type: 3}
      propertyPath: m_LocalPosition.x
      value: 0
      objectReference: {fileID: 0}
    - target: {fileID: 6519356811292917881, guid: 6d1e8df77b6559f469b775a3fa889988, type: 3}
      propertyPath: m_LocalPosition.y
      value: 0
      objectReference: {fileID: 0}
    - target: {fileID: 6519356811292917881, guid: 6d1e8df77b6559f469b775a3fa889988, type: 3}
      propertyPath: m_LocalPosition.z
      value: 0
      objectReference: {fileID: 0}
    - target: {fileID: 6519356811292917881, guid: 6d1e8df77b6559f469b775a3fa889988, type: 3}
      propertyPath: m_LocalRotation.w
      value: 1
      objectReference: {fileID: 0}
    - target: {fileID: 6519356811292917881, guid: 6d1e8df77b6559f469b775a3fa889988, type: 3}
      propertyPath: m_LocalRotation.x
      value: 0
      objectReference: {fileID: 0}
    - target: {fileID: 6519356811292917881, guid: 6d1e8df77b6559f469b775a3fa889988, type: 3}
      propertyPath: m_LocalRotation.y
      value: 0
      objectReference: {fileID: 0}
    - target: {fileID: 6519356811292917881, guid: 6d1e8df77b6559f469b775a3fa889988, type: 3}
      propertyPath: m_LocalRotation.z
      value: 0
      objectReference: {fileID: 0}
    - target: {fileID: 6519356811292917881, guid: 6d1e8df77b6559f469b775a3fa889988, type: 3}
      propertyPath: m_LocalEulerAnglesHint.x
      value: 0
      objectReference: {fileID: 0}
    - target: {fileID: 6519356811292917881, guid: 6d1e8df77b6559f469b775a3fa889988, type: 3}
      propertyPath: m_LocalEulerAnglesHint.y
      value: 0
      objectReference: {fileID: 0}
    - target: {fileID: 6519356811292917881, guid: 6d1e8df77b6559f469b775a3fa889988, type: 3}
      propertyPath: m_LocalEulerAnglesHint.z
      value: 0
      objectReference: {fileID: 0}
    - target: {fileID: 6877779140110500147, guid: 6d1e8df77b6559f469b775a3fa889988, type: 3}
      propertyPath: m_Name
      value: Tiled_Roof_Light_HalfOff
      objectReference: {fileID: 0}
    m_RemovedComponents: []
  m_SourcePrefab: {fileID: 100100000, guid: 6d1e8df77b6559f469b775a3fa889988, type: 3}
--- !u!4 &661525644375900857 stripped
Transform:
  m_CorrespondingSourceObject: {fileID: 6519356811292917881, guid: 6d1e8df77b6559f469b775a3fa889988, type: 3}
  m_PrefabInstance: {fileID: 6005372441909854912}
  m_PrefabAsset: {fileID: 0}
