%YAML 1.1
%TAG !u! tag:unity3d.com,2011:
--- !u!1 &7524134896537830255
GameObject:
  m_ObjectHideFlags: 0
  m_CorrespondingSourceObject: {fileID: 0}
  m_PrefabInstance: {fileID: 0}
  m_PrefabAsset: {fileID: 0}
  serializedVersion: 6
  m_Component:
  - component: {fileID: 622112594708223828}
  - component: {fileID: 1374419124286926155}
  m_Layer: 0
  m_Name: Tiled_Decor_Chair_45Degrees
  m_TagString: Untagged
  m_Icon: {fileID: 0}
  m_NavMeshLayer: 0
  m_StaticEditorFlags: 0
  m_IsActive: 1
--- !u!4 &622112594708223828
Transform:
  m_ObjectHideFlags: 0
  m_CorrespondingSourceObject: {fileID: 0}
  m_PrefabInstance: {fileID: 0}
  m_PrefabAsset: {fileID: 0}
  m_GameObject: {fileID: 7524134896537830255}
  m_LocalRotation: {x: 0, y: 0, z: 0, w: 1}
  m_LocalPosition: {x: 0, y: 0, z: 0}
  m_LocalScale: {x: 1, y: 1, z: 1}
  m_Children:
  - {fileID: 8885035531042895437}
  m_Father: {fileID: 0}
  m_RootOrder: 0
  m_LocalEulerAnglesHint: {x: 0, y: 0, z: 0}
--- !u!114 &1374419124286926155
MonoBehaviour:
  m_ObjectHideFlags: 0
  m_CorrespondingSourceObject: {fileID: 0}
  m_PrefabInstance: {fileID: 0}
  m_PrefabAsset: {fileID: 0}
  m_GameObject: {fileID: 7524134896537830255}
  m_Enabled: 1
  m_EditorHideFlags: 0
  m_Script: {fileID: 11500000, guid: a3cf5643e9d940c48824c28d366c080b, type: 3}
  m_Name: 
  m_EditorClassIdentifier: 
--- !u!1 &8885035531042895436
GameObject:
  m_ObjectHideFlags: 0
  m_CorrespondingSourceObject: {fileID: 0}
  m_PrefabInstance: {fileID: 0}
  m_PrefabAsset: {fileID: 0}
  serializedVersion: 6
  m_Component:
  - component: {fileID: 8885035531042895437}
  m_Layer: 0
  m_Name: Pivot
  m_TagString: Untagged
  m_Icon: {fileID: 0}
  m_NavMeshLayer: 0
  m_StaticEditorFlags: 0
  m_IsActive: 1
--- !u!4 &8885035531042895437
Transform:
  m_ObjectHideFlags: 0
  m_CorrespondingSourceObject: {fileID: 0}
  m_PrefabInstance: {fileID: 0}
  m_PrefabAsset: {fileID: 0}
  m_GameObject: {fileID: 8885035531042895436}
  m_LocalRotation: {x: 0, y: 0, z: 0, w: 1}
  m_LocalPosition: {x: 0.223, y: 0, z: 0.52334505}
  m_LocalScale: {x: 1, y: 1, z: 1}
  m_Children:
  - {fileID: 618127050652241454}
  m_Father: {fileID: 622112594708223828}
  m_RootOrder: 0
  m_LocalEulerAnglesHint: {x: 0, y: 0, z: 0}
--- !u!1001 &8885035531053696808
PrefabInstance:
  m_ObjectHideFlags: 0
  serializedVersion: 2
  m_Modification:
    m_TransformParent: {fileID: 8885035531042895437}
    m_Modifications:
    - target: {fileID: 2095667310776283501, guid: 55c6fd21a83fd404ba3b493f4937c3b3, type: 3}
      propertyPath: m_Name
      value: Common_Chair
      objectReference: {fileID: 0}
    - target: {fileID: 8347980437699807494, guid: 55c6fd21a83fd404ba3b493f4937c3b3, type: 3}
      propertyPath: m_RootOrder
      value: 0
      objectReference: {fileID: 0}
    - target: {fileID: 8347980437699807494, guid: 55c6fd21a83fd404ba3b493f4937c3b3, type: 3}
      propertyPath: m_LocalPosition.x
      value: 0.1765014
      objectReference: {fileID: 0}
    - target: {fileID: 8347980437699807494, guid: 55c6fd21a83fd404ba3b493f4937c3b3, type: 3}
      propertyPath: m_LocalPosition.y
      value: 0.56331784
      objectReference: {fileID: 0}
    - target: {fileID: 8347980437699807494, guid: 55c6fd21a83fd404ba3b493f4937c3b3, type: 3}
      propertyPath: m_LocalPosition.z
      value: -0.059345067
      objectReference: {fileID: 0}
    - target: {fileID: 8347980437699807494, guid: 55c6fd21a83fd404ba3b493f4937c3b3, type: 3}
      propertyPath: m_LocalRotation.w
      value: 0.92387956
      objectReference: {fileID: 0}
    - target: {fileID: 8347980437699807494, guid: 55c6fd21a83fd404ba3b493f4937c3b3, type: 3}
      propertyPath: m_LocalRotation.x
      value: 0
      objectReference: {fileID: 0}
    - target: {fileID: 8347980437699807494, guid: 55c6fd21a83fd404ba3b493f4937c3b3, type: 3}
      propertyPath: m_LocalRotation.y
      value: 0.38268343
      objectReference: {fileID: 0}
    - target: {fileID: 8347980437699807494, guid: 55c6fd21a83fd404ba3b493f4937c3b3, type: 3}
      propertyPath: m_LocalRotation.z
      value: 0
      objectReference: {fileID: 0}
    - target: {fileID: 8347980437699807494, guid: 55c6fd21a83fd404ba3b493f4937c3b3, type: 3}
      propertyPath: m_LocalEulerAnglesHint.x
      value: 0
      objectReference: {fileID: 0}
    - target: {fileID: 8347980437699807494, guid: 55c6fd21a83fd404ba3b493f4937c3b3, type: 3}
      propertyPath: m_LocalEulerAnglesHint.y
      value: 45
      objectReference: {fileID: 0}
    - target: {fileID: 8347980437699807494, guid: 55c6fd21a83fd404ba3b493f4937c3b3, type: 3}
      propertyPath: m_LocalEulerAnglesHint.z
      value: 0
      objectReference: {fileID: 0}
    m_RemovedComponents: []
  m_SourcePrefab: {fileID: 100100000, guid: 55c6fd21a83fd404ba3b493f4937c3b3, type: 3}
--- !u!4 &618127050652241454 stripped
Transform:
  m_CorrespondingSourceObject: {fileID: 8347980437699807494, guid: 55c6fd21a83fd404ba3b493f4937c3b3, type: 3}
  m_PrefabInstance: {fileID: 8885035531053696808}
  m_PrefabAsset: {fileID: 0}
