%YAML 1.1
%TAG !u! tag:unity3d.com,2011:
--- !u!1 &5003950481486758280
GameObject:
  m_ObjectHideFlags: 0
  m_CorrespondingSourceObject: {fileID: 0}
  m_PrefabInstance: {fileID: 0}
  m_PrefabAsset: {fileID: 0}
  serializedVersion: 6
  m_Component:
  - component: {fileID: 7873792015638625704}
  m_Layer: 0
  m_Name: Pivot
  m_TagString: Untagged
  m_Icon: {fileID: 0}
  m_NavMeshLayer: 0
  m_StaticEditorFlags: 0
  m_IsActive: 1
--- !u!4 &7873792015638625704
Transform:
  m_ObjectHideFlags: 0
  m_CorrespondingSourceObject: {fileID: 0}
  m_PrefabInstance: {fileID: 0}
  m_PrefabAsset: {fileID: 0}
  m_GameObject: {fileID: 5003950481486758280}
  m_LocalRotation: {x: -0, y: -0, z: -0, w: 1}
  m_LocalPosition: {x: 0, y: 0, z: 0}
  m_LocalScale: {x: 1, y: 1, z: 1}
  m_Children:
  - {fileID: 7348884939806905247}
  m_Father: {fileID: 1162373721236712689}
  m_RootOrder: 0
  m_LocalEulerAnglesHint: {x: 0, y: 0, z: 0}
--- !u!1 &8587584529456214731
GameObject:
  m_ObjectHideFlags: 0
  m_CorrespondingSourceObject: {fileID: 0}
  m_PrefabInstance: {fileID: 0}
  m_PrefabAsset: {fileID: 0}
  serializedVersion: 6
  m_Component:
  - component: {fileID: 1162373721236712689}
  - component: {fileID: 3492246501959760287}
  m_Layer: 0
  m_Name: Tiled_Normal_Floor_4Triangles
  m_TagString: Untagged
  m_Icon: {fileID: 0}
  m_NavMeshLayer: 0
  m_StaticEditorFlags: 0
  m_IsActive: 1
--- !u!4 &1162373721236712689
Transform:
  m_ObjectHideFlags: 0
  m_CorrespondingSourceObject: {fileID: 0}
  m_PrefabInstance: {fileID: 0}
  m_PrefabAsset: {fileID: 0}
  m_GameObject: {fileID: 8587584529456214731}
  m_LocalRotation: {x: -0, y: -0, z: -0, w: 1}
  m_LocalPosition: {x: 0, y: 0, z: 0}
  m_LocalScale: {x: 1, y: 1, z: 1}
  m_Children:
  - {fileID: 7873792015638625704}
  m_Father: {fileID: 0}
  m_RootOrder: 0
  m_LocalEulerAnglesHint: {x: 0, y: 0, z: 0}
--- !u!114 &3492246501959760287
MonoBehaviour:
  m_ObjectHideFlags: 0
  m_CorrespondingSourceObject: {fileID: 0}
  m_PrefabInstance: {fileID: 0}
  m_PrefabAsset: {fileID: 0}
  m_GameObject: {fileID: 8587584529456214731}
  m_Enabled: 1
  m_EditorHideFlags: 0
  m_Script: {fileID: 11500000, guid: a3cf5643e9d940c48824c28d366c080b, type: 3}
  m_Name: 
  m_EditorClassIdentifier: 
--- !u!1001 &6367677697174928793
PrefabInstance:
  m_ObjectHideFlags: 0
  serializedVersion: 2
  m_Modification:
    m_TransformParent: {fileID: 7873792015638625704}
    m_Modifications:
    - target: {fileID: 4441379134020611590, guid: 5719deaa7a33dd34faf960a3b71e0b1d, type: 3}
      propertyPath: m_RootOrder
      value: 0
      objectReference: {fileID: 0}
    - target: {fileID: 4441379134020611590, guid: 5719deaa7a33dd34faf960a3b71e0b1d, type: 3}
      propertyPath: m_LocalPosition.x
      value: 3.2499883
      objectReference: {fileID: 0}
    - target: {fileID: 4441379134020611590, guid: 5719deaa7a33dd34faf960a3b71e0b1d, type: 3}
      propertyPath: m_LocalPosition.y
      value: 0
      objectReference: {fileID: 0}
    - target: {fileID: 4441379134020611590, guid: 5719deaa7a33dd34faf960a3b71e0b1d, type: 3}
      propertyPath: m_LocalPosition.z
      value: 3.0435452
      objectReference: {fileID: 0}
    - target: {fileID: 4441379134020611590, guid: 5719deaa7a33dd34faf960a3b71e0b1d, type: 3}
      propertyPath: m_LocalRotation.w
      value: 0.7071068
      objectReference: {fileID: 0}
    - target: {fileID: 4441379134020611590, guid: 5719deaa7a33dd34faf960a3b71e0b1d, type: 3}
      propertyPath: m_LocalRotation.x
      value: -0.7071068
      objectReference: {fileID: 0}
    - target: {fileID: 4441379134020611590, guid: 5719deaa7a33dd34faf960a3b71e0b1d, type: 3}
      propertyPath: m_LocalRotation.y
      value: -0
      objectReference: {fileID: 0}
    - target: {fileID: 4441379134020611590, guid: 5719deaa7a33dd34faf960a3b71e0b1d, type: 3}
      propertyPath: m_LocalRotation.z
      value: -0
      objectReference: {fileID: 0}
    - target: {fileID: 4441379134020611590, guid: 5719deaa7a33dd34faf960a3b71e0b1d, type: 3}
      propertyPath: m_LocalEulerAnglesHint.x
      value: 0
      objectReference: {fileID: 0}
    - target: {fileID: 4441379134020611590, guid: 5719deaa7a33dd34faf960a3b71e0b1d, type: 3}
      propertyPath: m_LocalEulerAnglesHint.y
      value: 0
      objectReference: {fileID: 0}
    - target: {fileID: 4441379134020611590, guid: 5719deaa7a33dd34faf960a3b71e0b1d, type: 3}
      propertyPath: m_LocalEulerAnglesHint.z
      value: 0
      objectReference: {fileID: 0}
    - target: {fileID: 6741415953583099886, guid: 5719deaa7a33dd34faf960a3b71e0b1d, type: 3}
      propertyPath: m_Name
      value: Floor 4 triangles
      objectReference: {fileID: 0}
    m_RemovedComponents: []
  m_SourcePrefab: {fileID: 100100000, guid: 5719deaa7a33dd34faf960a3b71e0b1d, type: 3}
--- !u!4 &7348884939806905247 stripped
Transform:
  m_CorrespondingSourceObject: {fileID: 4441379134020611590, guid: 5719deaa7a33dd34faf960a3b71e0b1d, type: 3}
  m_PrefabInstance: {fileID: 6367677697174928793}
  m_PrefabAsset: {fileID: 0}
