%YAML 1.1
%TAG !u! tag:unity3d.com,2011:
--- !u!1 &6501757033978016594
GameObject:
  m_ObjectHideFlags: 0
  m_CorrespondingSourceObject: {fileID: 0}
  m_PrefabInstance: {fileID: 0}
  m_PrefabAsset: {fileID: 0}
  serializedVersion: 6
  m_Component:
  - component: {fileID: 6501757033978016604}
  - component: {fileID: 6501757033978016595}
  m_Layer: 0
  m_Name: Tiled_Normal_Floor_Octagon
  m_TagString: Untagged
  m_Icon: {fileID: 0}
  m_NavMeshLayer: 0
  m_StaticEditorFlags: 0
  m_IsActive: 1
--- !u!4 &6501757033978016604
Transform:
  m_ObjectHideFlags: 0
  m_CorrespondingSourceObject: {fileID: 0}
  m_PrefabInstance: {fileID: 0}
  m_PrefabAsset: {fileID: 0}
  m_GameObject: {fileID: 6501757033978016594}
  m_LocalRotation: {x: -0, y: -0, z: -0, w: 1}
  m_LocalPosition: {x: 0, y: 0, z: 0}
  m_LocalScale: {x: 1, y: 1, z: 1}
  m_Children:
  - {fileID: 6501757034747350972}
  m_Father: {fileID: 0}
  m_RootOrder: 0
  m_LocalEulerAnglesHint: {x: 0, y: 0, z: 0}
--- !u!114 &6501757033978016595
MonoBehaviour:
  m_ObjectHideFlags: 0
  m_CorrespondingSourceObject: {fileID: 0}
  m_PrefabInstance: {fileID: 0}
  m_PrefabAsset: {fileID: 0}
  m_GameObject: {fileID: 6501757033978016594}
  m_Enabled: 1
  m_EditorHideFlags: 0
  m_Script: {fileID: 11500000, guid: a3cf5643e9d940c48824c28d366c080b, type: 3}
  m_Name: 
  m_EditorClassIdentifier: 
--- !u!1 &6501757034747350963
GameObject:
  m_ObjectHideFlags: 0
  m_CorrespondingSourceObject: {fileID: 0}
  m_PrefabInstance: {fileID: 0}
  m_PrefabAsset: {fileID: 0}
  serializedVersion: 6
  m_Component:
  - component: {fileID: 6501757034747350972}
  m_Layer: 0
  m_Name: Pivot
  m_TagString: Untagged
  m_Icon: {fileID: 0}
  m_NavMeshLayer: 0
  m_StaticEditorFlags: 0
  m_IsActive: 1
--- !u!4 &6501757034747350972
Transform:
  m_ObjectHideFlags: 0
  m_CorrespondingSourceObject: {fileID: 0}
  m_PrefabInstance: {fileID: 0}
  m_PrefabAsset: {fileID: 0}
  m_GameObject: {fileID: 6501757034747350963}
  m_LocalRotation: {x: -0, y: -0, z: -0, w: 1}
  m_LocalPosition: {x: 0, y: 0, z: 0}
  m_LocalScale: {x: 1, y: 1, z: 1}
  m_Children:
  - {fileID: 8918985868223552480}
  m_Father: {fileID: 6501757033978016604}
  m_RootOrder: 0
  m_LocalEulerAnglesHint: {x: 0, y: 0, z: 0}
--- !u!1001 &6501757034110026373
PrefabInstance:
  m_ObjectHideFlags: 0
  serializedVersion: 2
  m_Modification:
    m_TransformParent: {fileID: 6501757034747350972}
    m_Modifications:
    - target: {fileID: 2443332216654598676, guid: 074700d9734ff3d44975c3d31cd76742, type: 3}
      propertyPath: m_Name
      value: Floor octagon
      objectReference: {fileID: 0}
    - target: {fileID: 2448968599549188453, guid: 074700d9734ff3d44975c3d31cd76742, type: 3}
      propertyPath: m_RootOrder
      value: 0
      objectReference: {fileID: 0}
    - target: {fileID: 2448968599549188453, guid: 074700d9734ff3d44975c3d31cd76742, type: 3}
      propertyPath: m_LocalPosition.x
      value: 0.49370146
      objectReference: {fileID: 0}
    - target: {fileID: 2448968599549188453, guid: 074700d9734ff3d44975c3d31cd76742, type: 3}
      propertyPath: m_LocalPosition.y
      value: 0
      objectReference: {fileID: 0}
    - target: {fileID: 2448968599549188453, guid: 074700d9734ff3d44975c3d31cd76742, type: 3}
      propertyPath: m_LocalPosition.z
      value: 1.7797587
      objectReference: {fileID: 0}
    - target: {fileID: 2448968599549188453, guid: 074700d9734ff3d44975c3d31cd76742, type: 3}
      propertyPath: m_LocalRotation.w
      value: 0.7071068
      objectReference: {fileID: 0}
    - target: {fileID: 2448968599549188453, guid: 074700d9734ff3d44975c3d31cd76742, type: 3}
      propertyPath: m_LocalRotation.x
      value: -0.7071068
      objectReference: {fileID: 0}
    - target: {fileID: 2448968599549188453, guid: 074700d9734ff3d44975c3d31cd76742, type: 3}
      propertyPath: m_LocalRotation.y
      value: -0
      objectReference: {fileID: 0}
    - target: {fileID: 2448968599549188453, guid: 074700d9734ff3d44975c3d31cd76742, type: 3}
      propertyPath: m_LocalRotation.z
      value: -0
      objectReference: {fileID: 0}
    - target: {fileID: 2448968599549188453, guid: 074700d9734ff3d44975c3d31cd76742, type: 3}
      propertyPath: m_LocalEulerAnglesHint.x
      value: 0
      objectReference: {fileID: 0}
    - target: {fileID: 2448968599549188453, guid: 074700d9734ff3d44975c3d31cd76742, type: 3}
      propertyPath: m_LocalEulerAnglesHint.y
      value: 0
      objectReference: {fileID: 0}
    - target: {fileID: 2448968599549188453, guid: 074700d9734ff3d44975c3d31cd76742, type: 3}
      propertyPath: m_LocalEulerAnglesHint.z
      value: 0
      objectReference: {fileID: 0}
    m_RemovedComponents: []
  m_SourcePrefab: {fileID: 100100000, guid: 074700d9734ff3d44975c3d31cd76742, type: 3}
--- !u!4 &8918985868223552480 stripped
Transform:
  m_CorrespondingSourceObject: {fileID: 2448968599549188453, guid: 074700d9734ff3d44975c3d31cd76742, type: 3}
  m_PrefabInstance: {fileID: 6501757034110026373}
  m_PrefabAsset: {fileID: 0}
