%YAML 1.1
%TAG !u! tag:unity3d.com,2011:
--- !u!1 &359375068165920290
GameObject:
  m_ObjectHideFlags: 0
  m_CorrespondingSourceObject: {fileID: 0}
  m_PrefabInstance: {fileID: 0}
  m_PrefabAsset: {fileID: 0}
  serializedVersion: 6
  m_Component:
  - component: {fileID: 8901370716528753271}
  - component: {fileID: 3913980289607309560}
  m_Layer: 0
  m_Name: Tiled_Decor_Blood_Floor_BigStain
  m_TagString: Untagged
  m_Icon: {fileID: 0}
  m_NavMeshLayer: 0
  m_StaticEditorFlags: 0
  m_IsActive: 1
--- !u!4 &8901370716528753271
Transform:
  m_ObjectHideFlags: 0
  m_CorrespondingSourceObject: {fileID: 0}
  m_PrefabInstance: {fileID: 0}
  m_PrefabAsset: {fileID: 0}
  m_GameObject: {fileID: 359375068165920290}
  m_LocalRotation: {x: 0, y: 0, z: 0, w: 1}
  m_LocalPosition: {x: 0, y: 0, z: 0}
  m_LocalScale: {x: 1, y: 1, z: 1}
  m_Children:
  - {fileID: 6146441454933832441}
  m_Father: {fileID: 0}
  m_RootOrder: 0
  m_LocalEulerAnglesHint: {x: 0, y: 0, z: 0}
--- !u!114 &3913980289607309560
MonoBehaviour:
  m_ObjectHideFlags: 0
  m_CorrespondingSourceObject: {fileID: 0}
  m_PrefabInstance: {fileID: 0}
  m_PrefabAsset: {fileID: 0}
  m_GameObject: {fileID: 359375068165920290}
  m_Enabled: 1
  m_EditorHideFlags: 0
  m_Script: {fileID: 11500000, guid: a3cf5643e9d940c48824c28d366c080b, type: 3}
  m_Name: 
  m_EditorClassIdentifier: 
--- !u!1 &2950758298525316450
GameObject:
  m_ObjectHideFlags: 0
  m_CorrespondingSourceObject: {fileID: 0}
  m_PrefabInstance: {fileID: 0}
  m_PrefabAsset: {fileID: 0}
  serializedVersion: 6
  m_Component:
  - component: {fileID: 6146441454933832441}
  m_Layer: 0
  m_Name: Pivot
  m_TagString: Untagged
  m_Icon: {fileID: 0}
  m_NavMeshLayer: 0
  m_StaticEditorFlags: 0
  m_IsActive: 1
--- !u!4 &6146441454933832441
Transform:
  m_ObjectHideFlags: 0
  m_CorrespondingSourceObject: {fileID: 0}
  m_PrefabInstance: {fileID: 0}
  m_PrefabAsset: {fileID: 0}
  m_GameObject: {fileID: 2950758298525316450}
  m_LocalRotation: {x: 0, y: 0, z: 0, w: 1}
  m_LocalPosition: {x: 0.25, y: 0.02, z: 0.25}
  m_LocalScale: {x: 1, y: 1, z: 1}
  m_Children:
  - {fileID: 1335060481225136485}
  m_Father: {fileID: 8901370716528753271}
  m_RootOrder: 0
  m_LocalEulerAnglesHint: {x: 0, y: 0, z: 0}
--- !u!1001 &3040169790440533789
PrefabInstance:
  m_ObjectHideFlags: 0
  serializedVersion: 2
  m_Modification:
    m_TransformParent: {fileID: 6146441454933832441}
    m_Modifications:
    - target: {fileID: 4086959753673242228, guid: b670a89c0b0c64e48b9320557570983e, type: 3}
      propertyPath: m_Name
      value: BigStain_BloodDecal
      objectReference: {fileID: 0}
    - target: {fileID: 4086959753673242228, guid: b670a89c0b0c64e48b9320557570983e, type: 3}
      propertyPath: m_IsActive
      value: 1
      objectReference: {fileID: 0}
    - target: {fileID: 4086959753673242232, guid: b670a89c0b0c64e48b9320557570983e, type: 3}
      propertyPath: m_RootOrder
      value: 0
      objectReference: {fileID: 0}
    - target: {fileID: 4086959753673242232, guid: b670a89c0b0c64e48b9320557570983e, type: 3}
      propertyPath: m_LocalPosition.x
      value: -0.04
      objectReference: {fileID: 0}
    - target: {fileID: 4086959753673242232, guid: b670a89c0b0c64e48b9320557570983e, type: 3}
      propertyPath: m_LocalPosition.y
      value: 0
      objectReference: {fileID: 0}
    - target: {fileID: 4086959753673242232, guid: b670a89c0b0c64e48b9320557570983e, type: 3}
      propertyPath: m_LocalPosition.z
      value: 0.01
      objectReference: {fileID: 0}
    - target: {fileID: 4086959753673242232, guid: b670a89c0b0c64e48b9320557570983e, type: 3}
      propertyPath: m_LocalRotation.w
      value: 0.7071076
      objectReference: {fileID: 0}
    - target: {fileID: 4086959753673242232, guid: b670a89c0b0c64e48b9320557570983e, type: 3}
      propertyPath: m_LocalRotation.x
      value: 0.70710605
      objectReference: {fileID: 0}
    - target: {fileID: 4086959753673242232, guid: b670a89c0b0c64e48b9320557570983e, type: 3}
      propertyPath: m_LocalRotation.y
      value: -0
      objectReference: {fileID: 0}
    - target: {fileID: 4086959753673242232, guid: b670a89c0b0c64e48b9320557570983e, type: 3}
      propertyPath: m_LocalRotation.z
      value: -0
      objectReference: {fileID: 0}
    - target: {fileID: 4086959753673242232, guid: b670a89c0b0c64e48b9320557570983e, type: 3}
      propertyPath: m_LocalEulerAnglesHint.x
      value: 90
      objectReference: {fileID: 0}
    - target: {fileID: 4086959753673242232, guid: b670a89c0b0c64e48b9320557570983e, type: 3}
      propertyPath: m_LocalEulerAnglesHint.y
      value: 0
      objectReference: {fileID: 0}
    - target: {fileID: 4086959753673242232, guid: b670a89c0b0c64e48b9320557570983e, type: 3}
      propertyPath: m_LocalEulerAnglesHint.z
      value: 0
      objectReference: {fileID: 0}
    m_RemovedComponents: []
  m_SourcePrefab: {fileID: 100100000, guid: b670a89c0b0c64e48b9320557570983e, type: 3}
--- !u!4 &1335060481225136485 stripped
Transform:
  m_CorrespondingSourceObject: {fileID: 4086959753673242232, guid: b670a89c0b0c64e48b9320557570983e, type: 3}
  m_PrefabInstance: {fileID: 3040169790440533789}
  m_PrefabAsset: {fileID: 0}
