%YAML 1.1
%TAG !u! tag:unity3d.com,2011:
--- !u!1 &6578300160369951074
GameObject:
  m_ObjectHideFlags: 0
  m_CorrespondingSourceObject: {fileID: 0}
  m_PrefabInstance: {fileID: 0}
  m_PrefabAsset: {fileID: 0}
  serializedVersion: 6
  m_Component:
  - component: {fileID: 6578300160369951075}
  m_Layer: 0
  m_Name: Tube6
  m_TagString: Untagged
  m_Icon: {fileID: 0}
  m_NavMeshLayer: 0
  m_StaticEditorFlags: 0
  m_IsActive: 1
--- !u!4 &6578300160369951075
Transform:
  m_ObjectHideFlags: 0
  m_CorrespondingSourceObject: {fileID: 0}
  m_PrefabInstance: {fileID: 0}
  m_PrefabAsset: {fileID: 0}
  m_GameObject: {fileID: 6578300160369951074}
  m_LocalRotation: {x: -0, y: -0, z: -0, w: 1}
  m_LocalPosition: {x: 0.00018942356, y: 3.5959644, z: -0.52089036}
  m_LocalScale: {x: 1, y: 1, z: 1}
  m_Children:
  - {fileID: 2755422899746104915}
  m_Father: {fileID: 7886083110616871664}
  m_RootOrder: 0
  m_LocalEulerAnglesHint: {x: 0, y: 0, z: 0}
--- !u!1 &7707819363999627454
GameObject:
  m_ObjectHideFlags: 0
  m_CorrespondingSourceObject: {fileID: 0}
  m_PrefabInstance: {fileID: 0}
  m_PrefabAsset: {fileID: 0}
  serializedVersion: 6
  m_Component:
  - component: {fileID: 823225779679148910}
  - component: {fileID: 8618087703616407289}
  m_Layer: 0
  m_Name: Tiled_Decor_InnerPipes_PipeExtension3
  m_TagString: Untagged
  m_Icon: {fileID: 0}
  m_NavMeshLayer: 0
  m_StaticEditorFlags: 0
  m_IsActive: 1
--- !u!4 &823225779679148910
Transform:
  m_ObjectHideFlags: 0
  m_CorrespondingSourceObject: {fileID: 0}
  m_PrefabInstance: {fileID: 0}
  m_PrefabAsset: {fileID: 0}
  m_GameObject: {fileID: 7707819363999627454}
  m_LocalRotation: {x: -0, y: -0, z: -0, w: 1}
  m_LocalPosition: {x: 0, y: 0, z: 0}
  m_LocalScale: {x: 1, y: 1, z: 1}
  m_Children:
  - {fileID: 7886083110616871664}
  m_Father: {fileID: 0}
  m_RootOrder: 0
  m_LocalEulerAnglesHint: {x: 0, y: 0, z: 0}
--- !u!114 &8618087703616407289
MonoBehaviour:
  m_ObjectHideFlags: 0
  m_CorrespondingSourceObject: {fileID: 0}
  m_PrefabInstance: {fileID: 0}
  m_PrefabAsset: {fileID: 0}
  m_GameObject: {fileID: 7707819363999627454}
  m_Enabled: 1
  m_EditorHideFlags: 0
  m_Script: {fileID: 11500000, guid: a3cf5643e9d940c48824c28d366c080b, type: 3}
  m_Name: 
  m_EditorClassIdentifier: 
--- !u!1 &8118300066327664562
GameObject:
  m_ObjectHideFlags: 0
  m_CorrespondingSourceObject: {fileID: 0}
  m_PrefabInstance: {fileID: 0}
  m_PrefabAsset: {fileID: 0}
  serializedVersion: 6
  m_Component:
  - component: {fileID: 7886083110616871664}
  m_Layer: 0
  m_Name: Pivot
  m_TagString: Untagged
  m_Icon: {fileID: 0}
  m_NavMeshLayer: 0
  m_StaticEditorFlags: 0
  m_IsActive: 1
--- !u!4 &7886083110616871664
Transform:
  m_ObjectHideFlags: 0
  m_CorrespondingSourceObject: {fileID: 0}
  m_PrefabInstance: {fileID: 0}
  m_PrefabAsset: {fileID: 0}
  m_GameObject: {fileID: 8118300066327664562}
  m_LocalRotation: {x: -0, y: -0, z: -0, w: 1}
  m_LocalPosition: {x: 0, y: 0, z: 0}
  m_LocalScale: {x: 1, y: 1, z: 1}
  m_Children:
  - {fileID: 6578300160369951075}
  m_Father: {fileID: 823225779679148910}
  m_RootOrder: 0
  m_LocalEulerAnglesHint: {x: 0, y: 0, z: 0}
--- !u!1001 &6578300159907666665
PrefabInstance:
  m_ObjectHideFlags: 0
  serializedVersion: 2
  m_Modification:
    m_TransformParent: {fileID: 6578300160369951075}
    m_Modifications:
    - target: {fileID: 4372122841327313354, guid: 4010ad1a8acd9ec419a62bdd7bcbafe7, type: 3}
      propertyPath: m_Name
      value: Tube6
      objectReference: {fileID: 0}
    - target: {fileID: 9040953862959594682, guid: 4010ad1a8acd9ec419a62bdd7bcbafe7, type: 3}
      propertyPath: m_RootOrder
      value: 0
      objectReference: {fileID: 0}
    - target: {fileID: 9040953862959594682, guid: 4010ad1a8acd9ec419a62bdd7bcbafe7, type: 3}
      propertyPath: m_LocalPosition.x
      value: 0.2901938
      objectReference: {fileID: 0}
    - target: {fileID: 9040953862959594682, guid: 4010ad1a8acd9ec419a62bdd7bcbafe7, type: 3}
      propertyPath: m_LocalPosition.y
      value: 4.5091386
      objectReference: {fileID: 0}
    - target: {fileID: 9040953862959594682, guid: 4010ad1a8acd9ec419a62bdd7bcbafe7, type: 3}
      propertyPath: m_LocalPosition.z
      value: 0
      objectReference: {fileID: 0}
    - target: {fileID: 9040953862959594682, guid: 4010ad1a8acd9ec419a62bdd7bcbafe7, type: 3}
      propertyPath: m_LocalRotation.w
      value: 0.7071068
      objectReference: {fileID: 0}
    - target: {fileID: 9040953862959594682, guid: 4010ad1a8acd9ec419a62bdd7bcbafe7, type: 3}
      propertyPath: m_LocalRotation.x
      value: -0
      objectReference: {fileID: 0}
    - target: {fileID: 9040953862959594682, guid: 4010ad1a8acd9ec419a62bdd7bcbafe7, type: 3}
      propertyPath: m_LocalRotation.y
      value: -0
      objectReference: {fileID: 0}
    - target: {fileID: 9040953862959594682, guid: 4010ad1a8acd9ec419a62bdd7bcbafe7, type: 3}
      propertyPath: m_LocalRotation.z
      value: 0.7071068
      objectReference: {fileID: 0}
    - target: {fileID: 9040953862959594682, guid: 4010ad1a8acd9ec419a62bdd7bcbafe7, type: 3}
      propertyPath: m_LocalEulerAnglesHint.x
      value: 0
      objectReference: {fileID: 0}
    - target: {fileID: 9040953862959594682, guid: 4010ad1a8acd9ec419a62bdd7bcbafe7, type: 3}
      propertyPath: m_LocalEulerAnglesHint.y
      value: 0
      objectReference: {fileID: 0}
    - target: {fileID: 9040953862959594682, guid: 4010ad1a8acd9ec419a62bdd7bcbafe7, type: 3}
      propertyPath: m_LocalEulerAnglesHint.z
      value: 90
      objectReference: {fileID: 0}
    m_RemovedComponents: []
  m_SourcePrefab: {fileID: 100100000, guid: 4010ad1a8acd9ec419a62bdd7bcbafe7, type: 3}
--- !u!4 &2755422899746104915 stripped
Transform:
  m_CorrespondingSourceObject: {fileID: 9040953862959594682, guid: 4010ad1a8acd9ec419a62bdd7bcbafe7, type: 3}
  m_PrefabInstance: {fileID: 6578300159907666665}
  m_PrefabAsset: {fileID: 0}
