%YAML 1.1
%TAG !u! tag:unity3d.com,2011:
--- !u!1 &3411559169610284118
GameObject:
  m_ObjectHideFlags: 0
  m_CorrespondingSourceObject: {fileID: 0}
  m_PrefabInstance: {fileID: 0}
  m_PrefabAsset: {fileID: 0}
  serializedVersion: 6
  m_Component:
  - component: {fileID: 3639272257112758548}
  m_Layer: 0
  m_Name: Pivot
  m_TagString: Untagged
  m_Icon: {fileID: 0}
  m_NavMeshLayer: 0
  m_StaticEditorFlags: 0
  m_IsActive: 1
--- !u!4 &3639272257112758548
Transform:
  m_ObjectHideFlags: 0
  m_CorrespondingSourceObject: {fileID: 0}
  m_PrefabInstance: {fileID: 0}
  m_PrefabAsset: {fileID: 0}
  m_GameObject: {fileID: 3411559169610284118}
  m_LocalRotation: {x: -0, y: -0, z: -0, w: 1}
  m_LocalPosition: {x: 0, y: 0, z: 0}
  m_LocalScale: {x: 1, y: 1, z: 1}
  m_Children:
  - {fileID: 6227256414414981571}
  m_Father: {fileID: 6097059589593583754}
  m_RootOrder: 0
  m_LocalEulerAnglesHint: {x: 0, y: 0, z: 0}
--- !u!1 &3820768577715589978
GameObject:
  m_ObjectHideFlags: 0
  m_CorrespondingSourceObject: {fileID: 0}
  m_PrefabInstance: {fileID: 0}
  m_PrefabAsset: {fileID: 0}
  serializedVersion: 6
  m_Component:
  - component: {fileID: 6097059589593583754}
  - component: {fileID: 2911626652596481309}
  m_Layer: 0
  m_Name: Tiled_Decor_InnerPipes_SteamLeak_Middle
  m_TagString: Untagged
  m_Icon: {fileID: 0}
  m_NavMeshLayer: 0
  m_StaticEditorFlags: 0
  m_IsActive: 1
--- !u!4 &6097059589593583754
Transform:
  m_ObjectHideFlags: 0
  m_CorrespondingSourceObject: {fileID: 0}
  m_PrefabInstance: {fileID: 0}
  m_PrefabAsset: {fileID: 0}
  m_GameObject: {fileID: 3820768577715589978}
  m_LocalRotation: {x: 0, y: 0, z: 0, w: 1}
  m_LocalPosition: {x: 0, y: 0, z: 0}
  m_LocalScale: {x: 1, y: 1, z: 1}
  m_Children:
  - {fileID: 3639272257112758548}
  m_Father: {fileID: 0}
  m_RootOrder: 0
  m_LocalEulerAnglesHint: {x: 0, y: 0, z: 0}
--- !u!114 &2911626652596481309
MonoBehaviour:
  m_ObjectHideFlags: 0
  m_CorrespondingSourceObject: {fileID: 0}
  m_PrefabInstance: {fileID: 0}
  m_PrefabAsset: {fileID: 0}
  m_GameObject: {fileID: 3820768577715589978}
  m_Enabled: 1
  m_EditorHideFlags: 0
  m_Script: {fileID: 11500000, guid: a3cf5643e9d940c48824c28d366c080b, type: 3}
  m_Name: 
  m_EditorClassIdentifier: 
--- !u!1001 &5749434049530514250
PrefabInstance:
  m_ObjectHideFlags: 0
  serializedVersion: 2
  m_Modification:
    m_TransformParent: {fileID: 3639272257112758548}
    m_Modifications:
    - target: {fileID: 1846967849648265515, guid: 9a5664d3d705b844784da5bdf12ad804, type: 3}
      propertyPath: m_LocalScale.x
      value: 2
      objectReference: {fileID: 0}
    - target: {fileID: 1846967849648265515, guid: 9a5664d3d705b844784da5bdf12ad804, type: 3}
      propertyPath: m_LocalScale.y
      value: 2
      objectReference: {fileID: 0}
    - target: {fileID: 1846967849648265515, guid: 9a5664d3d705b844784da5bdf12ad804, type: 3}
      propertyPath: m_LocalScale.z
      value: 2
      objectReference: {fileID: 0}
    - target: {fileID: 1846967849648265517, guid: 9a5664d3d705b844784da5bdf12ad804, type: 3}
      propertyPath: InitialModule.gravityModifier.scalar
      value: -0.1
      objectReference: {fileID: 0}
    - target: {fileID: 1846967849648265517, guid: 9a5664d3d705b844784da5bdf12ad804, type: 3}
      propertyPath: InitialModule.gravityModifier.minScalar
      value: -0.06
      objectReference: {fileID: 0}
    - target: {fileID: 1846967849947955848, guid: 9a5664d3d705b844784da5bdf12ad804, type: 3}
      propertyPath: m_Name
      value: SteamLeak (1)
      objectReference: {fileID: 0}
    - target: {fileID: 1846967849947955849, guid: 9a5664d3d705b844784da5bdf12ad804, type: 3}
      propertyPath: m_RootOrder
      value: 0
      objectReference: {fileID: 0}
    - target: {fileID: 1846967849947955849, guid: 9a5664d3d705b844784da5bdf12ad804, type: 3}
      propertyPath: m_LocalScale.x
      value: 2.1568
      objectReference: {fileID: 0}
    - target: {fileID: 1846967849947955849, guid: 9a5664d3d705b844784da5bdf12ad804, type: 3}
      propertyPath: m_LocalScale.y
      value: 2.1568
      objectReference: {fileID: 0}
    - target: {fileID: 1846967849947955849, guid: 9a5664d3d705b844784da5bdf12ad804, type: 3}
      propertyPath: m_LocalScale.z
      value: 2.1568
      objectReference: {fileID: 0}
    - target: {fileID: 1846967849947955849, guid: 9a5664d3d705b844784da5bdf12ad804, type: 3}
      propertyPath: m_LocalPosition.x
      value: 0.23
      objectReference: {fileID: 0}
    - target: {fileID: 1846967849947955849, guid: 9a5664d3d705b844784da5bdf12ad804, type: 3}
      propertyPath: m_LocalPosition.y
      value: 2.5
      objectReference: {fileID: 0}
    - target: {fileID: 1846967849947955849, guid: 9a5664d3d705b844784da5bdf12ad804, type: 3}
      propertyPath: m_LocalPosition.z
      value: -0.588
      objectReference: {fileID: 0}
    - target: {fileID: 1846967849947955849, guid: 9a5664d3d705b844784da5bdf12ad804, type: 3}
      propertyPath: m_LocalRotation.w
      value: 0
      objectReference: {fileID: 0}
    - target: {fileID: 1846967849947955849, guid: 9a5664d3d705b844784da5bdf12ad804, type: 3}
      propertyPath: m_LocalRotation.x
      value: 0
      objectReference: {fileID: 0}
    - target: {fileID: 1846967849947955849, guid: 9a5664d3d705b844784da5bdf12ad804, type: 3}
      propertyPath: m_LocalRotation.y
      value: 1
      objectReference: {fileID: 0}
    - target: {fileID: 1846967849947955849, guid: 9a5664d3d705b844784da5bdf12ad804, type: 3}
      propertyPath: m_LocalRotation.z
      value: 0
      objectReference: {fileID: 0}
    - target: {fileID: 1846967849947955849, guid: 9a5664d3d705b844784da5bdf12ad804, type: 3}
      propertyPath: m_LocalEulerAnglesHint.x
      value: 0
      objectReference: {fileID: 0}
    - target: {fileID: 1846967849947955849, guid: 9a5664d3d705b844784da5bdf12ad804, type: 3}
      propertyPath: m_LocalEulerAnglesHint.y
      value: 180
      objectReference: {fileID: 0}
    - target: {fileID: 1846967849947955849, guid: 9a5664d3d705b844784da5bdf12ad804, type: 3}
      propertyPath: m_LocalEulerAnglesHint.z
      value: 0
      objectReference: {fileID: 0}
    - target: {fileID: 5726990423843591501, guid: 9a5664d3d705b844784da5bdf12ad804, type: 3}
      propertyPath: OutputAudioMixerGroup
      value: 
      objectReference: {fileID: 5496737541863353819, guid: b83ca02f8eea17242a5de939103ca8d0, type: 2}
    m_RemovedComponents: []
  m_SourcePrefab: {fileID: 100100000, guid: 9a5664d3d705b844784da5bdf12ad804, type: 3}
--- !u!4 &6227256414414981571 stripped
Transform:
  m_CorrespondingSourceObject: {fileID: 1846967849947955849, guid: 9a5664d3d705b844784da5bdf12ad804, type: 3}
  m_PrefabInstance: {fileID: 5749434049530514250}
  m_PrefabAsset: {fileID: 0}
