%YAML 1.1
%TAG !u! tag:unity3d.com,2011:
--- !u!1 &773628907765406179
GameObject:
  m_ObjectHideFlags: 0
  m_CorrespondingSourceObject: {fileID: 0}
  m_PrefabInstance: {fileID: 0}
  m_PrefabAsset: {fileID: 0}
  serializedVersion: 6
  m_Component:
  - component: {fileID: 773628907765406109}
  - component: {fileID: 773628907765406178}
  m_Layer: 0
  m_Name: Tiled_Roof_Normal_Scaled_SmallSquare
  m_TagString: Untagged
  m_Icon: {fileID: 0}
  m_NavMeshLayer: 0
  m_StaticEditorFlags: 0
  m_IsActive: 1
--- !u!4 &773628907765406109
Transform:
  m_ObjectHideFlags: 0
  m_CorrespondingSourceObject: {fileID: 0}
  m_PrefabInstance: {fileID: 0}
  m_PrefabAsset: {fileID: 0}
  m_GameObject: {fileID: 773628907765406179}
  m_LocalRotation: {x: 0, y: 0, z: 0, w: 1}
  m_LocalPosition: {x: 0, y: 0, z: 0}
  m_LocalScale: {x: 1, y: 1, z: 1}
  m_Children:
  - {fileID: 5320511552837624930}
  m_Father: {fileID: 0}
  m_RootOrder: 0
  m_LocalEulerAnglesHint: {x: 0, y: 0, z: 0}
--- !u!114 &773628907765406178
MonoBehaviour:
  m_ObjectHideFlags: 0
  m_CorrespondingSourceObject: {fileID: 0}
  m_PrefabInstance: {fileID: 0}
  m_PrefabAsset: {fileID: 0}
  m_GameObject: {fileID: 773628907765406179}
  m_Enabled: 1
  m_EditorHideFlags: 0
  m_Script: {fileID: 11500000, guid: a3cf5643e9d940c48824c28d366c080b, type: 3}
  m_Name: 
  m_EditorClassIdentifier: 
--- !u!1 &5320511552837624933
GameObject:
  m_ObjectHideFlags: 0
  m_CorrespondingSourceObject: {fileID: 0}
  m_PrefabInstance: {fileID: 0}
  m_PrefabAsset: {fileID: 0}
  serializedVersion: 6
  m_Component:
  - component: {fileID: 5320511552837624930}
  m_Layer: 0
  m_Name: GameObject
  m_TagString: Untagged
  m_Icon: {fileID: 0}
  m_NavMeshLayer: 0
  m_StaticEditorFlags: 0
  m_IsActive: 1
--- !u!4 &5320511552837624930
Transform:
  m_ObjectHideFlags: 0
  m_CorrespondingSourceObject: {fileID: 0}
  m_PrefabInstance: {fileID: 0}
  m_PrefabAsset: {fileID: 0}
  m_GameObject: {fileID: 5320511552837624933}
  m_LocalRotation: {x: 0.7071068, y: 0, z: 0, w: 0.7071068}
  m_LocalPosition: {x: 0, y: -0.0000009536743, z: -0.0000009536743}
  m_LocalScale: {x: 1, y: 1, z: 1}
  m_Children:
  - {fileID: 7360163580401979642}
  m_Father: {fileID: 773628907765406109}
  m_RootOrder: 0
  m_LocalEulerAnglesHint: {x: 90, y: 0, z: 0}
--- !u!1001 &773628908383894914
PrefabInstance:
  m_ObjectHideFlags: 0
  serializedVersion: 2
  m_Modification:
    m_TransformParent: {fileID: 5320511552837624930}
    m_Modifications:
    - target: {fileID: 7691515107193468740, guid: 63df0757eed3d8742a387d3390ae4081, type: 3}
      propertyPath: m_Name
      value: Roof small square
      objectReference: {fileID: 0}
    - target: {fileID: 7825275534150036856, guid: 63df0757eed3d8742a387d3390ae4081, type: 3}
      propertyPath: m_RootOrder
      value: 0
      objectReference: {fileID: 0}
    - target: {fileID: 7825275534150036856, guid: 63df0757eed3d8742a387d3390ae4081, type: 3}
      propertyPath: m_LocalScale.x
      value: 2
      objectReference: {fileID: 0}
    - target: {fileID: 7825275534150036856, guid: 63df0757eed3d8742a387d3390ae4081, type: 3}
      propertyPath: m_LocalScale.y
      value: 2
      objectReference: {fileID: 0}
    - target: {fileID: 7825275534150036856, guid: 63df0757eed3d8742a387d3390ae4081, type: 3}
      propertyPath: m_LocalScale.z
      value: 2
      objectReference: {fileID: 0}
    - target: {fileID: 7825275534150036856, guid: 63df0757eed3d8742a387d3390ae4081, type: 3}
      propertyPath: m_LocalPosition.x
      value: 1.0002187
      objectReference: {fileID: 0}
    - target: {fileID: 7825275534150036856, guid: 63df0757eed3d8742a387d3390ae4081, type: 3}
      propertyPath: m_LocalPosition.y
      value: -4.134022
      objectReference: {fileID: 0}
    - target: {fileID: 7825275534150036856, guid: 63df0757eed3d8742a387d3390ae4081, type: 3}
      propertyPath: m_LocalPosition.z
      value: 0
      objectReference: {fileID: 0}
    - target: {fileID: 7825275534150036856, guid: 63df0757eed3d8742a387d3390ae4081, type: 3}
      propertyPath: m_LocalRotation.w
      value: 1
      objectReference: {fileID: 0}
    - target: {fileID: 7825275534150036856, guid: 63df0757eed3d8742a387d3390ae4081, type: 3}
      propertyPath: m_LocalRotation.x
      value: -0
      objectReference: {fileID: 0}
    - target: {fileID: 7825275534150036856, guid: 63df0757eed3d8742a387d3390ae4081, type: 3}
      propertyPath: m_LocalRotation.y
      value: -0
      objectReference: {fileID: 0}
    - target: {fileID: 7825275534150036856, guid: 63df0757eed3d8742a387d3390ae4081, type: 3}
      propertyPath: m_LocalRotation.z
      value: -0
      objectReference: {fileID: 0}
    - target: {fileID: 7825275534150036856, guid: 63df0757eed3d8742a387d3390ae4081, type: 3}
      propertyPath: m_LocalEulerAnglesHint.x
      value: 0
      objectReference: {fileID: 0}
    - target: {fileID: 7825275534150036856, guid: 63df0757eed3d8742a387d3390ae4081, type: 3}
      propertyPath: m_LocalEulerAnglesHint.y
      value: 0
      objectReference: {fileID: 0}
    - target: {fileID: 7825275534150036856, guid: 63df0757eed3d8742a387d3390ae4081, type: 3}
      propertyPath: m_LocalEulerAnglesHint.z
      value: 0
      objectReference: {fileID: 0}
    m_RemovedComponents: []
  m_SourcePrefab: {fileID: 100100000, guid: 63df0757eed3d8742a387d3390ae4081, type: 3}
--- !u!4 &7360163580401979642 stripped
Transform:
  m_CorrespondingSourceObject: {fileID: 7825275534150036856, guid: 63df0757eed3d8742a387d3390ae4081, type: 3}
  m_PrefabInstance: {fileID: 773628908383894914}
  m_PrefabAsset: {fileID: 0}
