%YAML 1.1
%TAG !u! tag:unity3d.com,2011:
--- !u!1 &4175744980772269897
GameObject:
  m_ObjectHideFlags: 0
  m_CorrespondingSourceObject: {fileID: 0}
  m_PrefabInstance: {fileID: 0}
  m_PrefabAsset: {fileID: 0}
  serializedVersion: 6
  m_Component:
  - component: {fileID: 2913179395039517345}
  m_Layer: 0
  m_Name: Pivot
  m_TagString: Untagged
  m_Icon: {fileID: 0}
  m_NavMeshLayer: 0
  m_StaticEditorFlags: 0
  m_IsActive: 1
--- !u!4 &2913179395039517345
Transform:
  m_ObjectHideFlags: 0
  m_CorrespondingSourceObject: {fileID: 0}
  m_PrefabInstance: {fileID: 0}
  m_PrefabAsset: {fileID: 0}
  m_GameObject: {fileID: 4175744980772269897}
  m_LocalRotation: {x: -0, y: -0, z: -0, w: 1}
  m_LocalPosition: {x: 0, y: 0, z: 0}
  m_LocalScale: {x: 1, y: 1, z: 1}
  m_Children:
  - {fileID: 1650340131137647656}
  m_Father: {fileID: 8140838439260157381}
  m_RootOrder: 0
  m_LocalEulerAnglesHint: {x: 0, y: 0, z: 0}
--- !u!1 &4265491441290619791
GameObject:
  m_ObjectHideFlags: 0
  m_CorrespondingSourceObject: {fileID: 0}
  m_PrefabInstance: {fileID: 0}
  m_PrefabAsset: {fileID: 0}
  serializedVersion: 6
  m_Component:
  - component: {fileID: 8140838439260157381}
  - component: {fileID: 1901969159431004879}
  m_Layer: 0
  m_Name: Tiled_Decor_Computer_Big_SinglePanel
  m_TagString: Untagged
  m_Icon: {fileID: 0}
  m_NavMeshLayer: 0
  m_StaticEditorFlags: 0
  m_IsActive: 1
--- !u!4 &8140838439260157381
Transform:
  m_ObjectHideFlags: 0
  m_CorrespondingSourceObject: {fileID: 0}
  m_PrefabInstance: {fileID: 0}
  m_PrefabAsset: {fileID: 0}
  m_GameObject: {fileID: 4265491441290619791}
  m_LocalRotation: {x: -0, y: -0, z: -0, w: 1}
  m_LocalPosition: {x: 0, y: 0, z: 0}
  m_LocalScale: {x: 1, y: 1, z: 1}
  m_Children:
  - {fileID: 2913179395039517345}
  m_Father: {fileID: 0}
  m_RootOrder: 0
  m_LocalEulerAnglesHint: {x: 0, y: 0, z: 0}
--- !u!114 &1901969159431004879
MonoBehaviour:
  m_ObjectHideFlags: 0
  m_CorrespondingSourceObject: {fileID: 0}
  m_PrefabInstance: {fileID: 0}
  m_PrefabAsset: {fileID: 0}
  m_GameObject: {fileID: 4265491441290619791}
  m_Enabled: 1
  m_EditorHideFlags: 0
  m_Script: {fileID: 11500000, guid: a3cf5643e9d940c48824c28d366c080b, type: 3}
  m_Name: 
  m_EditorClassIdentifier: 
--- !u!1001 &3146796204355271348
PrefabInstance:
  m_ObjectHideFlags: 0
  serializedVersion: 2
  m_Modification:
    m_TransformParent: {fileID: 2913179395039517345}
    m_Modifications:
    - target: {fileID: 4080322451116798250, guid: 6e51a198716606e4cbbbcc362be9cc51, type: 3}
      propertyPath: m_Name
      value: BigSinglePanel
      objectReference: {fileID: 0}
    - target: {fileID: 4417052545858621084, guid: 6e51a198716606e4cbbbcc362be9cc51, type: 3}
      propertyPath: m_RootOrder
      value: 0
      objectReference: {fileID: 0}
    - target: {fileID: 4417052545858621084, guid: 6e51a198716606e4cbbbcc362be9cc51, type: 3}
      propertyPath: m_LocalPosition.x
      value: 0.7520478
      objectReference: {fileID: 0}
    - target: {fileID: 4417052545858621084, guid: 6e51a198716606e4cbbbcc362be9cc51, type: 3}
      propertyPath: m_LocalPosition.y
      value: -0.00028678775
      objectReference: {fileID: 0}
    - target: {fileID: 4417052545858621084, guid: 6e51a198716606e4cbbbcc362be9cc51, type: 3}
      propertyPath: m_LocalPosition.z
      value: -0.07616888
      objectReference: {fileID: 0}
    - target: {fileID: 4417052545858621084, guid: 6e51a198716606e4cbbbcc362be9cc51, type: 3}
      propertyPath: m_LocalRotation.w
      value: 1
      objectReference: {fileID: 0}
    - target: {fileID: 4417052545858621084, guid: 6e51a198716606e4cbbbcc362be9cc51, type: 3}
      propertyPath: m_LocalRotation.x
      value: -0
      objectReference: {fileID: 0}
    - target: {fileID: 4417052545858621084, guid: 6e51a198716606e4cbbbcc362be9cc51, type: 3}
      propertyPath: m_LocalRotation.y
      value: -0
      objectReference: {fileID: 0}
    - target: {fileID: 4417052545858621084, guid: 6e51a198716606e4cbbbcc362be9cc51, type: 3}
      propertyPath: m_LocalRotation.z
      value: -0
      objectReference: {fileID: 0}
    - target: {fileID: 4417052545858621084, guid: 6e51a198716606e4cbbbcc362be9cc51, type: 3}
      propertyPath: m_LocalEulerAnglesHint.x
      value: 0
      objectReference: {fileID: 0}
    - target: {fileID: 4417052545858621084, guid: 6e51a198716606e4cbbbcc362be9cc51, type: 3}
      propertyPath: m_LocalEulerAnglesHint.y
      value: 0
      objectReference: {fileID: 0}
    - target: {fileID: 4417052545858621084, guid: 6e51a198716606e4cbbbcc362be9cc51, type: 3}
      propertyPath: m_LocalEulerAnglesHint.z
      value: 0
      objectReference: {fileID: 0}
    m_RemovedComponents: []
  m_SourcePrefab: {fileID: 100100000, guid: 6e51a198716606e4cbbbcc362be9cc51, type: 3}
--- !u!4 &1650340131137647656 stripped
Transform:
  m_CorrespondingSourceObject: {fileID: 4417052545858621084, guid: 6e51a198716606e4cbbbcc362be9cc51, type: 3}
  m_PrefabInstance: {fileID: 3146796204355271348}
  m_PrefabAsset: {fileID: 0}
